2268 3786
430 357 523 402 uana
542 357 581 402 rr.
907 339 962 401 111

43 483 108 591 ppre
134 467 478 590 opplpgtnnieeirnoussaenr
502 467 632 550 amilium
659 467 718 550 tulit
725 484 733 538 3
762 483 878 538 namque
904 466 964 538 ejur

42 546 200 666 buillon
218 546 471 662 {tutatur
485 548 570 661 llll
586 547 966 677 titttttttttrttt

41 675 166 730 alienum
184 693 245 729 eree
263 685 370 748 ternpus
386 677 527 732 arbitratus
539 693 587 730 eno
598 693 628 730 ee
640 678 697 730 looo
710 676 839 732 eontinuit
851 685 878 730 et
890 675 965 730 brevi

43 756 167 816 tempore
188 746 336 800 intermisso
355 746 383 799 in
406 754 494 800 oaetra
515 747 635 816 legionen
657 746 769 800 reduxit.
807 747 877 800 Duru
896 745 965 800 heoo

42 823 182 886 geruntur,
204 816 299 868 nostrie
318 815 442 870 omnibus
460 815 605 887 oooupatie,
623 816 678 886 qui¹
697 825 772 869 erant
790 816 817 869 in
836 815 906 884 agria
925 831 965 868 re·

42 885 119 956 liqui,
136 883 325 938 dieneaeerunt.
361 885 476 939 &antae
506 894 567 940 eunt
583 885 722 940 nontinuoe
736 884 888 956 eomplurea
906 883 965 938 dien

43 963 231 1025 tempestates,
243 955 323 1024 quae¹
333 965 360 1008 et
372 963 474 1008 nostros
488 954 515 1008 in
533 955 626 1009 caetris
643 955 807 1010 eontinerent
819 964 845 1008 et
860 953 966 1008 boetem

41 1042 60 1077 a
88 1040 182 1094 pugna
210 1025 387 1094 prohiberent.
423 1025 534 1079 Interim
556 1024 661 1078 barbari
686 1025 792 1080 nuntios
818 1025 845 1078 in
870 1039 965 1078 ornnes

41 1103 136 1164 partes
165 1092 323 1148 dimiserunt
346 1093 564 1166 paucitatemque
593 1103 740 1149 nostrorum
763 1095 879 1148 militurn
908 1093 965 1146 ania

40 1163 266 1234 praedicaverunt
288 1173 315 1217 et
338 1171 438 1234 quanta
480 1164 575 1218 medae
595 1163 735 1218 leniendae
758 1173 839 1234 atque
859 1164 885 1216 in
906 1177 964 1234 per·

40 1242 160 1303 petnnm
183 1233 225 1286 aui
246 1232 377 1287 liberandi
399 1232 443 1286 lao
472 1245 514 1287 tea
535 1233 642 1288 daretur
670 1235 692 1288 ei
715 1234 848 1288 Romanoa
871 1232 965 1286 oaatrie

41 1301 219 1426 aurun
240 1302 585 1444 inattenuata
607 1273 699 1427 nir:
717 1302 965 1426 niutau

41 1451 114 1496 runt.
663 1453 671 1474 ⁸

77 1515 122 1563 35.
141 1511 246 1580 &enan
260 1509 310 1564 etei
328 1509 409 1581 idem,
424 1510 495 1582 quod
513 1510 692 1583 superioribus
708 1509 804 1564 diebus
820 1509 962 1580 aoniderat,

41 1581 99 1634 sore
114 1579 237 1651 ridebat,
256 1589 286 1634 nt
304 1580 328 1633 ei
347 1588 437 1634 aarent
456 1579 547 1634 meten
565 1579 643 1652 pulei,
662 1580 799 1634 eeleritate
815 1577 964 1651 perieulum

39 1649 183 1720 affugeren
224 1657 314 1704 tamen
337 1658 433 1704 naetue
454 1651 559 1731 equites
581 1649 685 1704 airoiter
701 1666 774 1719 xxx„
795 1664 863 1718 quoa
886 1647 963 1708 eon

39 1721 117 1773 mine
127 1721 193 1773 Atre
263 1719 298 1772 de
315 1735 369 1788 quo
380 1728 442 1774 ante
461 1720 563 1774 drotum
575 1729 722 1791 rotpertum
733 1725 961 1789 transportaverat,

41 1789 165 1859 legionen
188 1789 215 1841 in
240 1789 300 1842 anie
325 1804 372 1859 pro
394 1790 489 1844 nastris
511 1789 654 1844 constituit.
690 1789 838 1844 Commisso
863 1786 962 1859 proelio

39 1858 155 1914 diutiua‘
166 1867 312 1912 nostrorum
330 1857 445 1914 militurn
464 1859 594 1930 impetum
610 1857 700 1913 boeten
718 1857 786 1912 lerre
805 1873 857 1912 non
871 1866 962 1930 potue·

40 1938 103 1982 runt
120 1945 156 1981 ae
172 1936 246 2000 terga
262 1937 406 1982 verterunt.
442 1927 515 1989 Quos
532 1937 603 1982 tanto
620 1929 705 2001 spatio
720 1929 813 1998 eeouti,
831 1936 963 2009 qnantum

39 2015 123 2052 onreu
144 2006 172 2052 et
186 1997 291 2051 riribue
310 1997 419 2052 effioere
442 2006 590 2069 potuerint,
611 1998 762 2070 eomplnree
780 2015 816 2052 ex
838 1998 871 2052 rin
892 1997 962 2051 oeni·

38 2069 147 2136 derunt,
166 2067 264 2120 deinde
281 2067 406 2122 omnibus
425 2067 503 2138 longa
523 2067 629 2139 lateque
648 2067 778 2123 aedificiis
798 2067 913 2122 inneneia
932 2083 962 2121 ee

40 2138 66 2191 in
79 2147 170 2191 eastra
182 2145 347 2206 reneperunt.

75 2211 119 2261 ³6.
140 2203 243 2260 Eodem
261 2205 306 2260 die
327 2205 409 2277 legati
428 2205 463 2260 ab
481 2205 602 2264 boetibue
620 2206 695 2262 mirei
714 2206 749 2261 ad
768 2207 910 2262 Cannam
927 2206 963 2262 de

39 2293 109 2357 paee
128 2283 268 2328 venerunt.
304 2275 351 2329 Hie
371 2277 468 2330 Caesar
492 2293 634 2330 nnmerum
650 2275 782 2346 obsidum,
800 2292 883 2347 quern
899 2287 962 2330 ante

38 2353 229 2417 imperaverat,
242 2344 389 2414 duplioarit
401 2361 500 2415 eoaque
515 2346 544 2400 in
561 2347 741 2400 pertinentem
758 2345 856 2405 addnoi
874 2346 960 2417 juerit,

38 2415 112 2486 qnod
125 2414 274 2538 propinqua
289 2414 334 2468 die
351 2413 511 2484 aequinoctii
529 2415 640 2470 infirmia
657 2415 771 2470 naribus
788 2414 872 2468 hiemi
889 2415 962 2469 nari·

38 2487 178 2556 petionem
190 2501 221 2539 eu
239 2482 395 2553 jioiendern⁸
406 2501 458 2539 non
470 2485 650 2540 existimabat.
685 2484 746 2554 lpse
759 2483 882 2538 idoneam
894 2493 962 2544 tetu-

39 2563 177 2626 peetatem
190 2563 284 2607 neotus
295 2553 375 2624 paulo
386 2557 445 2624 po'et
454 2555 574 2610 mediam
585 2563 692 2609 nentem
702 2569 786 2606 navae
798 2553 883 2623 eolrit,
892 2569 963 2624 quae

39 2641 138 2684 ornnes
158 2623 306 2677 ineolumee
327 2622 363 2677 ad
386 2623 564 2680 eontinentern
583 2633 777 2695 pervenerunt3
801 2621 849 2678 aed
873 2639 908 2678 ex
930 2622 963 2678 iia

39 2827 121 2877 dative
133 2825 270 2886 dependant
280 2841 346 2887 upon
355 2829 472 2880 auellere
482 2829 548 2885 tulit,
556 2843 584 2877 or
594 2843 621 2877 ee
629 2843 661 2876 nn
668 2826 773 2876 ablativa
782 2825 907 2886 absolutor
919 2829 963 2876 but

40 2887 81 2935 the
92 2885 167 2935 latter
175 2900 257 2934 eeerna
267 2885 409 2946 preferable.

69 2963 76 2989 ¹
87 2958 145 3008 Tha
168 2960 196 3007 ui
205 2958 281 3007 resera
291 2968 317 3007 to
328 2959 398 3008 tbooe
405 2959 503 3009 Britona
510 2959 566 3008 who
576 2959 624 3009 bed
634 2961 697 3009 been
707 2959 750 3008 leit
761 2959 851 3010 behind
862 2974 893 3009 on
900 2958 963 3007 their

40 3029 142 3076 aetates,
164 3033 192 3066 or
203 3019 291 3079 reliqui
300 3018 344 3068 hee
355 3019 396 3068 the
407 3035 475 3068 name
486 3019 600 3082 meaning
610 3035 638 3069 ae
648 3021 731 3069 relicta
763 3019 810 3069 See
821 3019 890 3080 obep.
901 3021 939 3068 ³2.

67 3092 161 3154 'Quae
175 3092 286 3161 contains
300 3091 343 3161 the
359 3091 455 3141 idaeos
467 3101 508 3150 at,-
528 3092 634 3153 nemen,
651 3101 733 3142 taetre
747 3100 902 3156 tempertutee.
919 3097 964 3152 at,-

40 3153 117 3201 bence
129 3151 171 3201 tbe
182 3153 350 3212 subjunctives
359 3153 506 3202 continerent
517 3151 564 3200 and
576 3155 731 3216 prolrbereet.

69 3227 79 3255 ¹
89 3224 209 3285 Namely,
222 3223 303 3272 which
314 3223 355 3273 the
368 3223 461 3274 loedere
472 3224 500 3273 oi
511 3224 553 3273 tha
564 3224 663 3274 Britone
674 3225 722 3274 bad
733 3222 879 3274 mentioned.

69 3302 77 3328 ⁴
88 3296 207 3358 Namely‚
221 3297 279 3345 tban
290 3312 342 3345 rrae
357 3312 487 3360 neoeeeary
496 3308 523 3347 to
533 3297 619 3348 enable
632 3297 724 3347 Cannar
732 3313 760 3347 or
769 3297 808 3346 hie
818 3295 926 3347 enamiea
936 3305 963 3348 to

41 3373 84 3419 eey
97 3357 150 3406 tbat
162 3372 177 3404 a
187 3357 264 3406 battle
275 3371 326 3405 wne
337 3355 430 3418 fought.

69 3435 79 3462 ⁸
89 3431 219 3494 subjicere,
232 3439 258 3480 to
268 3445 359 3492 expone
370 3438 397 3480 to
407 3429 449 3478 the
459 3444 543 3492 power
552 3444 580 3478 or
590 3428 709 3480 influenoe
720 3429 748 3478 oi
759 3444 828 3480 soma
838 3443 892 3480 oue.
