2268 3786
157 317 213 380 116
456 331 497 374 uu
517 331 614 374 uuio
633 329 767 372 eunuco.

152 443 276 566 {ionibus
291 439 419 514 pervenit.
455 439 496 496 tbi
513 440 654 519 cognoscit,
667 457 711 496 ιι..
724 455 815 510 neves,
827 445 897 510 quse
916 443 943 494 in
961 439 1072 521 Meldic¹

164 522 240 566 eotue
252 520 334 581 erent,
347 519 402 566 tem
439 519 507 578 state
525 518 638 580 rejectos
654 526 763 564 cursum
780 519 871 563 tenere
890 527 942 564 nou
954 520 1072 580 potuisse

153 593 235 654 atquo
252 580 355 651 eodeni¹
369 525 438 633 unff³

155 661 196 706 tus
212 651 246 706 ud
265 648 444 720 navigandum
460 657 542 718 etque
560 648 685 704 omnibus
702 647 782 703 rebus
799 648 943 702 iustnrctes
960 649 1070 704 invenit.

154 721 268 778 Eodem·
284 721 364 774 totius
387 716 492 772 Gallice
517 718 650 788 equitatus
673 718 805 788 convenit,
831 735 941 772 numero
965 719 1071 773 milium

154 799 272 860 quotuor,
286 788 473 862 principesque
490 786 615 842 omuibus
626 804 661 840 ex
671 787 839 842 civitatibus:
858 788 1002 858 exquibus
1050 807 1070 841 r·

154 806 1072 1000 erheuenneuuururutruuueuffu

123 981 131 996 .
529 996 534 1006 ,
869 965 877 996 r
968 967 975 998 r

155 998 452 1122 11)ῗᾶἔέῗὲἕῖἜὲ
465 995 570 1118 &ghiso
578 995 854 1135 Bhihffitrtilrrrheduus,
867 1064 902 1118 de
915 1082 967 1136 quo
979 1066 1015 1120 ab
1027 1083 1071 1120 no·

155 1136 195 1191 his
213 1146 293 1190 antea
304 1135 407 1190 dictum
418 1135 478 1188 est·
513 1133 590 1188 Hunc
608 1151 700 1188 secum
713 1134 812 1188 hebere
825 1135 850 1188 in
863 1135 966 1214 primis⁴
978 1135 1072 1189 consti·

155 1216 248 1276 tuerat,
261 1205 331 1276 quod
343 1221 405 1258 eum
418 1203 545 1275 cupidum
559 1221 647 1258 rerum
658 1220 795 1274 novorum,
808 1204 938 1274 cupidum
955 1205 1068 1276 imperii,

153 1276 243 1345 magni
255 1277 256 1280 ’
268 1274 360 1344 enimi,
380 1290 494 1343 magnus
519 1274 586 1328 inter
603 1273 692 1328 culos
716 1273 878 1328 auctoritatis
903 1283 1071 1342 cognoverat.

153 1343 308 1400 Accedebat
331 1343 393 1412 huc,
410 1343 482 1414 quod
503 1342 561 1413 jorn
578 1343 604 1396 in
623 1342 733 1396 concilio
750 1343 907 1398 Aeduorum
925 1343 1073 1398 Dumnorix

153 1415 264 1484 dixerat,
277 1413 328 1468 sibi
339 1431 356 1466 e
368 1415 481 1468 Ceeeure
494 1429 605 1480 regnum
623 1412 738 1466 civitatis
750 1412 863 1466 deferri:
882 1412 953 1481 quod
967 1413 1070 1468 dictum

154 1483 242 1538 Aedui
266 1483 381 1552 graviter
404 1482 532 1551 ferebant,
557 1483 655 1551 neque¹
677 1481 817 1536 recusmdi
840 1491 886 1534 eut
909 1481 1073 1552 deprecandi

153 1569 235 1608 cause
246 1552 348 1622 legatos
364 1552 398 1605 ed
417 1553 561 1606 Caesarem
577 1551 683 1605 mittere
699 1551 844 1604 audebunt.
880 1551 909 1604 Id
923 1551 1027 1607 facturn
1039 1569 1073 1606 ex

153 1624 209 1678 suis
226 1622 375 1692 hospitibus
392 1622 491 1676 Caesar
501 1629 667 1689 cognoverat,
704 1620 752 1674 Ille
770 1619 895 1674 omnibus
911 1622 998 1690 primo
1015 1637 1072 1694 pre·

153 1691 231 1746 cibus
253 1701 344 1762 petere
368 1689 511 1758 contendit,
530 1691 603 1744 utin
626 1689 712 1744 Gallie
736 1689 928 1759 relinqueretur
935 1707 943 1759 3
966 1691 1072 1762 partim,

153 1759 1073 1898 iiiiriiiiisshdhhiissdihiffliihsstitsh‘idtddffi}

153 1917 187 1954 ue
223 1898 335 1966 rividir,
348 1898 420 1952 omni
438 1845 541 1968 sochen
580 1869 666 1950 truudi
683 1897 799 1967 edema,
817 1898 952 1968 principes
969 1898 1075 1952 Gallice

154 1969 191 2022 soi
204 1967 303 2037 icitore,
322 1983 447 2020 sevocare
466 1967 541 2035 singu
553 1984 583 2020 os
601 1967 750 2046 imitarique
774 1967 868 2046 eoepit,
889 1967 929 2020 uti
946 1968 973 2022 in
992 1970 1074 2022 conti·

154 2037 227 2090 nenti
247 2046 429 2104 remuneren13
455 2045 529 2090 metu
548 2037 685 2106 territare,'
701 2052 752 2090 non
776 2052 834 2089 stne
858 2052 942 2090 ceusu
959 2037 1027 2108 fieri,
1046 2047 1075 2093 ut

154 2105 241 2160 Gellio
252 2105 324 2158 omni
337 2104 476 2158 nobilitate
488 2123 502 2156 s
537 2103 657 2159 lioretur:
676 2105 703 2160 id
715 2122 776 2159 esse
788 2104 929 2159 consilium
939 2107 1072 2178 Caesaris,

154 2184 183 2227 ut
200 2191 266 2244 quos
284 2175 311 2228 in
328 2184 473 2244 conspectu
515 2175 593 2227 ulliae
617 2175 765 2228 interficere
783 2183 926 2244 vereretur,
946 2175 997 2230 hos
1018 2193 1074 2231 om·

154 2260 203 2298 nes
221 2244 248 2296 in
265 2241 425 2298 Britanniam
444 2243 611 2298 transductus
627 2253 750 2298 necaret:
769 2243 851 2298 fidem
869 2245 979 2314 reliquis
996 2247 1074 2300 iuter·

154 2314 271 2384 ponere‚⁸
286 2311 472 2383 jusjurandum
489 2329 607 2384 poscere,
628 2323 656 2366 ut
672 2313 744 2384 quod
762 2331 822 2368 esse
840 2331 875 2367 ex
893 2317 953 2368 usu'
969 2315 1074 2370 Gallice

424 596 440 632 e
452 588 527 633 erent
538 578 680 650 proiectae,
694 579 848 632 revertisse:
868 579 986 649 reliquas
998 597 1072 651 perc·

183 2455 266 2504 ¹Thet
278 2455 307 2511 is,
321 2455 346 2504 in
356 2455 397 2504 the
407 2465 509 2517 country
520 2454 548 2503 os
555 2455 596 2504 the
608 2454 694 2512 Meldi,
707 2471 721 2504 o
732 2456 818 2516 people
829 2457 885 2506 who
896 2473 964 2507 seem
974 2467 1001 2506 to
1011 2457 1074 2508 hare

154 2513 277 2564 inhabited
294 2514 335 2562 the
352 2523 425 2563 count
469 2516 582 2562 between
597 2514 639 2562 the
657 2514 689 2562 Se
708 2531 771 2564 uene
788 2515 879 2572 (Scine)
897 2517 944 2566 end
961 2515 1074 2566 Matrona

155 2573 268 2643 (Meroe),
282 2573 328 2622 end
339 2572 399 2642 from
411 2589 433 2620 w
453 2589 494 2624 ose
506 2574 618 2633 territory
628 2572 669 2622 the
680 2530 748 2635 ships
759 2589 823 2624 were
837 2576 928 2624 carried
944 2576 1016 2626 down
1031 2576 1073 2625 the

154 2649 216 2682 river
227 2634 339 2693 Sequana
349 2643 400 2681 into
411 2632 452 2681 the
462 2649 512 2681 see.

182 2705 299 2762 ’Eoum
318 2705 369 2754 that
381 2705 410 2763 is,
423 2715 449 2755 tn
460 2716 513 2766 port
524 2705 595 2754 ttius.

183 2778 247 2826 'See
259 2777 274 2825 i.
286 2780 308 2826 3.

182 2854 191 2882 ⁴
202 2853 299 2900 ‘Abone
311 2848 346 2898 eli
357 2848 457 2898 othere.¹

182 2923 283 2985 “Neque
292 2921 349 2971 here
361 2921 499 2971 introduces
510 2926 628 2974 eneturcl
639 2940 806 2986 consequence
821 2925 849 2975 os
860 2927 913 2976 thot
923 2927 1006 2976 which
1018 2941 1072 2988 pre·

154 2983 233 3034 cedes.
266 2982 321 3031 The
332 2997 400 3030 sume
411 2981 432 3030 is
443 2981 510 3031 osten
520 2983 562 3034 the
573 2999 629 3033 cnse
640 2983 700 3032 with
711 2993 733 3032 et
744 2985 790 3033 und
800 2995 877 3047 utque.
910 2986 957 3035 See
968 2987 1009 3036 vii.
1021 2989 1059 3037 30.

183 3055 337 3117 'Religioues
348 3069 388 3102 ere
401 3055 531 3115 ‘religione
542 3055 641 3112 dutics,’
653 3055 733 3105 which
745 3056 775 3105 he
792 3058 924 3116 pretended
940 3060 971 3108 he
986 3059 1034 3109 hed
1050 3070 1074 3110 te

93 3129 95 3134 ·
155 3114 257 3174 perform
269 3115 292 3162 in
305 3113 378 3169 Gaul,
391 3114 416 3161 in
426 3129 593 3172 consequence
605 3112 633 3163 os
639 3130 707 3163 vows
719 3113 798 3163 which
810 3116 841 3165 he
852 3117 900 3166 hud
911 3119 990 3167 mede.

183 3188 192 3214 ¹
205 3186 352 3234 Territcreis
361 3201 376 3234 e
384 3185 528 3246 descriptive
538 3185 662 3236 infinitivo.
684 3187 900 3245 Soei.16,note5.
922 3191 972 3240 But
980 3192 1021 3240 tho
1029 3191 1072 3240 sol·

157 3244 244 3305 {owing
247 3247 304 3306 fieri
309 3245 329 3292 is
335 3243 470 3304 dependent
477 3260 540 3305 upon
546 3261 614 3294 some
619 3245 677 3294 verb
684 3245 712 3294 os
713 3249 800 3310 scyirrg
806 3247 885 3297 which
892 3250 913 3298 is
918 3249 1072 3301 understood.

185 3315 282 3366 *Fidem
293 3320 448 3380 interponere,
464 3323 504 3366 ‘to
514 3318 601 3380 pledge
612 3319 681 3367 one's
693 3333 748 3367 own
758 3319 867 3370 honour.¹

185 3387 241 3436 Ἐκ
251 3406 297 3439 usu
308 3398 352 3448 est,
367 3390 399 3440 ‘ir
411 3390 432 3440 ie
443 3391 540 3440 unctui·
574 3390 695 3453 Compare
704 3391 721 3440 i.
732 3394 770 3450 ³0,
782 3396 831 3466 511.δ
