2268 3786
466 335 557 378 mess
577 335 605 375 s.
940 317 997 382 tw

66 455 173 514 portem
195 447 338 516 exercitos,
351 444 421 515 quod
440 445 529 516 paullo
545 446 638 500 aberet
658 443 769 516 longios,
786 461 837 500 nen
856 455 930 518 putot
948 463 994 502 ex·

65 515 262 637 {spectandam
283 517 389 586 equites
406 515 511 569 circiter
529 515 735 586 quadringentos
753 533 788 570 ex
807 518 936 588 proximis
954 517 994 572 hi·

105 586 262 652 rniscogit.¹

101 660 147 707 47.
167 655 238 716 Hora
249 655 354 711 circiter
372 655 448 707 tertia
460 654 497 708 ab
506 654 718 708 antecursoribm
728 653 763 708 de
775 655 863 709 Crassi
874 655 992 712 adremu

63 725 166 776 certior
178 723 273 792 sactus,
287 741 319 776 eo
331 724 375 776 die
387 723 463 776 milis
471 724 698 792 peesoomviginti
709 725 880 794 progreditur.
917 727 992 781 Cras·

62 809 129 845 sum
149 793 360 846 samarobrivae·
378 793 498 864 praeficit
523 795 708 863 legionemque
729 795 754 846 ei
774 795 900 863 attribuit,
921 797 992 878 quod

62 861 101 914 ibi
116 863 314 931 impedimenta
326 864 459 916 exercitus
476 863 584 916 obsides
596 864 740 934 civitatum,
752 864 852 918 litteras
861 866 993 936 publices·

62 929 288 1001 frumentumque
300 949 387 1000 omne,
400 949 417 1002 q
483 949 515 985 eo
531 932 682 985 tolerandae
692 934 789 986 hiemis
796 951 876 988 cause
892 935 991 990 devex-

61 1014 130 1072 erat,
153 1002 328 1071 relinquebat.
365 1001 471 1072 Fabios,
488 1011 517 1056 ut
538 1003 698 1072 imperatum
719 1013 783 1072 eret,
796 1021 847 1056 uon
869 1004 904 1057 ita
922 1005 989 1058 mul·

60 1079 123 1123 tum
147 1081 275 1140 moratos,
300 1072 325 1124 in
351 1073 445 1124 itinere
468 1089 529 1125 oum
556 1072 659 1139 legione
682 1073 803 1125 occurrit.
846 1072 964 1128 Labieno

60 1139 174 1193 interitu
198 1141 287 1195 Sabini
316 1151 343 1194 et
361 1141 446 1194 caede
463 1141 612 1194 cohortium
625 1143 739 1210 cognita,
751 1159 835 1212 qoom
848 1159 943 1197 omnes
953 1091 988 1198 a]

59 1226 127 1262 eum
148 1210 318 1264 Trevirorum
337 1212 430 1280 copiae
445 1212 588 1279 venissent,
603 1211 712 1264 veritus·
724 1227 767 1281 ne,
780 1213 801 1266 si
819 1229 853 1265 err
871 1213 990 1268 bibernis

59 1279 146 1346 lugeo
166 1280 283 1332 similem
303 1279 495 1349 profectionem
515 1281 631 1348 iecisset,
648 1280 763 1334 hostium
783 1282 914 1352 impetum
931 1299 989 1338 sus·

59 1350 150 1400 tinere
163 1366 214 1401 non
228 1361 324 1419 posset,
339 1351 494 1420 praesertim
512 1367 580 1420 quoe
596 1351 696 1404 recenti
710 1350 819 1403 victorio
836 1351 924 1405 efferri
938 1353 988 1406 soi·

59 1426 109 1485 ret,
124 1417 228 1470 litteras
245 1419 352 1472 Caesan
375 1421 613 1491 remittit‚⁸quento
632 1435 693 1474 curn
714 1420 833 1490 periculo
853 1421 988 1490 legionem

58 1503 95 1540 ex
113 1487 235 1542 hibernis
252 1489 398 1542 educturus
409 1500 494 1542 esset:
512 1507 571 1542 rem
587 1499 691 1558 gestam
704 1491 731 1543 in
744 1489 913 1543 Eburonibus
929 1507 988 1560 per·

57 1558 170 1612 scribit:
189 1559 275 1627 docet,
288 1575 383 1612 omncs
400 1559 535 1630 equitatus
552 1559 738 1640 peditatusque
757 1559 849 1628 copias
866 1559 988 1614 Treviro-

58 1643 122 1680 rum
135 1630 186 1680 tria
197 1629 273 1680 milia
284 1645 412 1698 passuum
421 1629 509 1699 longe·
516 1631 551 1683 ab
560 1631 617 1682 sois
625 1637 720 1682 castris
731 1628 904 1690 consedisse„
933 1641 935 1648 ⁴

94 1703 140 1750 48.
160 1699 265 1766 Caesar,
278 1698 388 1751 oonsilio
406 1698 465 1768 ejus
483 1699 599 1768 probato,
617 1699 667 1751 etsi
680 1698 808 1769 opinione
824 1699 905 1752 trium
921 1697 987 1768 legi·

56 1781 142 1820 onum
167 1767 309 1836 dejectus‚⁷
327 1767 449 1830 adssdues
473 1768 593 1838 redierat,
615 1778 704 1822 tamen
729 1783 811 1822 unum
836 1769 987 1822 communis

55 1837 156 1890 salutis
171 1837 299 1890 auxilium
312 1837 338 1890 in
351 1837 487 1891 celeritate
505 1838 629 1908 ponebat.
665 1838 744 1890 Venit
764 1839 870 1906 magnis
887 1837 986 1892 itineri·

55 1905 110 1960 bus
124 1908 152 1960 in
164 1907 411 1960 Nerviorom'fines.
448 1907 488 1960 lbi
500 1923 534 1960 er
546 1908 657 1988 captivis
675 1909 815 1978 cognoscit,
828 1925 899 1978 quae
913 1925 929 1960 a
948 1908 985 1962 ud

55 1975 221 2029 Ciceronem
243 1987 375 2046 gerentur,
399 1986 553 2046 quantoque
579 1993 605 2029 rn
631 1977 747 2047 periculo
771 1995 813 2030 res
836 1977 878 2031 sit.
938 1995 986 2034 om

55 2046 172 2100 cuidem
192 2063 226 2098 ex
247 2046 381 2116 equitibus
400 2047 484 2100 Gallis
503 2047 609 2115 magnis
628 2048 755 2117 praemiis
773 2048 923 2119 persuadet,
946 2048 985 2102 oti

54 2115 91 2168 ad
105 2116 266 2170 Ciceronem
278 2117 419 2186 epistolam
437 2116 549 2170 deleret.
586 2117 661 2169 Hono
677 2118 789 2170 Grseeis
806 2118 985 2188 conscriptum

55 2184 167 2238 litterisa
178 2187 266 2256 mittit,
279 2203 321 2256 ne,
336 2187 481 2256 interceptu
493 2185 613 2255 epistola,
627 2194 715 2240 nostro
731 2186 769 2240 eb
785 2185 905 2240 hostibus
922 2203 984 2241 coo·

86 2357 94 2386 ¹
107 2355 193 2418 Cogit,¹
212 2355 306 2413 thetis,
318 2358 395 2418 coegit
406 2371 432 2404 or
442 2333 543 2417 colligit,
558 2354 603 2404 ‘he
614 2351 768 2404 ossemblos?

85 2430 155 2478 ’See
167 2429 237 2490 chop.
249 2432 288 2486 24,
301 2439 357 2478 note
369 2432 391 2478 3.

85 2503 192 2550 ’These
207 2505 301 2552 litterae
313 2504 421 2566 publicae
436 2473 559 2550 consisted
573 2499 602 2549 of
614 2499 656 2548 the
672 2508 790 2548 oceoums
805 2497 834 2548 ol
846 2499 888 2549 the
905 2515 982 2562 army,

55 2561 217 2622 despatches,
230 2573 332 2621 reporto,
346 2561 392 2609 and
404 2561 446 2610 the
458 2560 515 2622 like

84 2639 95 2667 ⁴
110 2637 212 2685 Veritus
223 2645 331 2684 ἰο-ωτι
339 2645 427 2699 possa.
459 2635 514 2684 The
526 2645 576 2684 two
586 2649 617 2682 no
635 2632 712 2682 atires
725 2651 754 2682 ne
766 2633 813 2682 end
829 2651 877 2684 non
893 2635 918 2683 in
935 2633 985 2684 this

54 2707 176 2746 sentence
188 2696 318 2744 neutralise
330 2696 389 2746 each
403 2695 482 2754 other,
495 2694 542 2744 ond
559 2709 599 2742 are
616 2705 625 2740 t
644 2692 735 2742 eresore
752 2693 890 2754 equivaleot
907 2703 932 2744 to
947 2705 983 2745 ot.

56 2755 106 2804 See
120 2755 221 2814 Zumpt,
234 2755 289 2803 Lat.
302 2755 382 2803 Gront.
394 2755 408 2807 l
419 2757 472 2804 535.

86 2829 238 2882 ‘uenture
247 2829 268 2877 is
282 2834 322 2877 ‘to
331 2829 393 2878 send
404 2829 429 2876 in
439 2827 540 2884 retum‚’
553 2842 580 2876 ur
593 2831 633 2874 ‘to
644 2825 713 2876 write
724 2841 739 2874 a
749 2825 834 2888 reply.'

87 2901 165 2952 ·Ths
176 2897 243 2952 word
254 2905 354 2967 longeio
366 2903 453 2952 almost
465 2901 616 2963 superfluous
627 2901 652 2950 in
668 2902 717 2951 this
732 2911 855 2960 sentence,
867 2903 911 2952 but
928 2903 946 2950 it
962 2901 985 2970 is

56 2964 140 3014 added
158 2963 195 3012 for
211 2964 252 3012 tlte
270 2979 373 3024 purpose
390 2963 418 3012 ol
434 2963 576 3023 expressiug
592 2962 633 3010 the
650 2961 757 3010 distance
774 2963 799 3010 in
815 2977 845 3012 su
861 2960 984 3022 emphatic

29 3049 36 3066 ·
56 3038 169 3074 manner.

88 3097 232 3160 'Opinione
242 3097 353 3158 dejectu,
368 3094 497 3156 ‘deprived
509 3094 538 3142 of
549 3093 587 3143 his
603 3093 666 3154 hope
683 3109 711 3142 or
725 3101 837 3153 prospect
854 3091 883 3140 ol
894 3090 984 3154 having

58 3157 130 3206 three
143 3156 254 3216 legions!
287 3154 342 3205 The
354 3155 495 3216 expression
505 3155 657 3218 opedejeotue
674 3154 695 3202 is
712 3167 779 3202 more
796 3165 908 3200 common
923 3149 984 3200 than

58 3218 171 3280 opinebne
181 3217 291 3276 dejectus.

90 3289 132 3340 ιῙῑ
144 3291 165 3338 is
176 3301 218 3338 not
230 3291 294 3339 clear
304 3289 415 3338 whether
424 3289 466 3338 the
482 3289 555 3336 letter
564 3303 615 3334 wos
626 3287 724 3334 written
739 3285 763 3332 iu
778 3284 819 3331 tlte
832 3282 914 3332 Greek
931 3283 981 3334 lan-

60 3367 151 3414 gusge‚
164 3365 191 3398 or
201 3351 225 3398 in
237 3350 310 3398 [latin
320 3349 367 3398 end
383 3349 423 3397 onl
451 3349 476 3396 in
487 3346 570 3394 Greek
581 3346 725 3414 characters,
738 3342 831 3404 though
841 3343 882 3391 the
893 3341 983 3414 former

62 3426 145 3460 seems
156 3425 221 3458 ruore
232 3409 347 3470 probabis
360 3416 410 3466 (seo
422 3365 538 3468 lolyoen.
550 3405 655 3466 δίπαις.
666 3417 716 3454 sut.
727 3405 781 3460 28l't
797 3413 822 3452 ot
832 3417 880 3465 suy
890 3414 950 3462 rste.
963 3413 983 3454 tt
