2296 3796
139 307 180 370 46
441 327 481 368 nii
503 326 600 368 unico
620 323 755 366 uiuiico.

140 436 284 490 Suevorum
306 433 339 487 sd
361 435 431 506 ripas
450 434 535 488 Rheni
554 435 714 502 consedisse,
735 434 781 504 qui
804 435 928 489 Rhenum
948 435 1062 488 transire

140 513 296 558 conarentur
302 521 311 574 3
330 504 371 558 his
384 521 508 574 praeesse
520 505 641 558 Nasuam
653 516 680 558 et
692 504 856 558 Cimberium
868 505 969 558 fratres.
998 506 1063 564 Qui-

140 573 191 627 bus
216 574 296 628 rebus
316 573 412 627 Caesar
430 573 605 628 vehementer
622 584 772 628 commotus
797 575 986 628 maturandum
1013 575 1064 628 sibi

140 643 310 713 existimavit,
323 661 365 713 ne,
380 643 401 696 si
413 659 481 696 nova
494 661 589 697 manus
601 643 746 698 Suevorum
760 661 820 697 cum
831 644 968 697 veteribus
980 645 1065 714 copiis

140 713 263 766 Ariovisti
277 731 336 766 sese
348 713 536 782 conjunxisset,
551 715 638 768 miuus
651 714 729 767 facile
743 715 827 766 resisti
839 724 937 784 posset.
968 715 1065 783 Itaque
1129 761 1130 774 ,

142 799 168 834 ie
195 782 367 838 frumentaria
394 799 474 852 quam
501 783 640 837 celerrime
669 784 753 854 potuit
777 795 932 853 comparata
957 785 1066 852 magnis
1129 797 1130 828 1

140 851 285 906 itineribus¹
297 853 330 906 ad
344 852 505 906 Ariovistum
518 853 661 907 contendit.
1129 895 1130 912 2

175 926 217 974 38.
236 923 302 976 Cum
316 921 395 974 tridui
407 921 477 974 viam
494 923 675 992 processisset,
689 922 840 976 nuntiatum
853 931 893 974 est
906 922 931 974 ei
944 924 1065 976 Ariovis-

141 999 197 1044 titru
210 999 272 1044 cum
291 991 346 1044 suis
363 991 487 1044 omuibus
503 991 586 1061 copiis
604 993 638 1044 ad
654 992 839 1062 occupandum
852 993 1066 1061 Vesontionem,²
1129 1003 1130 1064 ᾗ

140 1060 209 1130 quod
223 1070 263 1113 est
275 1060 402 1130 oppidum
420 1061 570 1114 maximum
589 1061 779 1131 Sequanorum,
792 1061 952 1114 contendere
971 1063 1063 1115 tridui·

140 1146 193 1198 que
206 1131 278 1183 viam
297 1147 313 1181 a
331 1131 386 1183 suis
398 1129 505 1182 finibiis¹
517 1129 670 1199 profecisse.
707 1131 737 1185 Id
756 1148 790 1184 ne
808 1131 950 1198 accideret,
966 1149 1063 1200 magno
1129 1123 1130 1158 ³

140 1215 220 1268 opere
238 1199 287 1252 sibi
307 1197 521 1269 praecavendum
540 1200 637 1253 Caesar
648 1199 825 1254 existimabat.
860 1201 988 1269 Namque
1007 1219 1061 1254 om·

141 1269 214 1322 nium
235 1285 330 1337 rerum,
344 1285 413 1337 quae
432 1268 467 1321 ad
488 1269 588 1323 bellum
607 1270 668 1324 usui
687 1280 769 1340 erant,
783 1287 890 1323 summa
908 1278 964 1322 erat
984 1271 1010 1322 in
1031 1288 1062 1323 eo
1129 1319 1130 1324 ,

140 1337 235 1408 oppido
248 1338 369 1405 facultas,
383 1337 463 1407 idque
482 1347 575 1392 natura
587 1339 637 1392 loci
650 1339 690 1393 sic
702 1339 879 1408 muniebatur,
892 1349 922 1392 ut
934 1357 1061 1408 magnam

140 1407 173 1459 ad
187 1407 339 1462 ducendum
353 1407 455 1460 bellum
467 1408 541 1462 daret
553 1409 715 1479 facultatem,
724 1417 863 1480 propterea
875 1409 945 1478 quod
959 1410 1060 1464 flumen

142 1477 227 1530 Dubis
240 1489 267 1531 ut
280 1479 376 1532 circino
389 1478 602 1532 circumductum
621 1496 706 1549 paene
720 1489 803 1532 toturn
822 1479 950 1548 oppidum
963 1480 1059 1548 cingit:

141 1547 272 1616 reliquum
285 1547 409 1617 spatium,
423 1547 493 1627 quod
506 1556 546 1600 est
559 1565 609 1602 non
622 1548 739 1628 amplius
751 1549 850 1618 pedum
864 1557 1059 1618 sexcentorum,

140 1633 193 1686 quc
211 1617 311 1671 flumen
336 1617 492 1687 intermittit,
511 1634 587 1671 mons
604 1627 722 1671 continet
741 1635 839 1687 magna
856 1617 999 1670 altitudine
1017 1622 1058 1686 ita,

140 1696 169 1739 ut
182 1687 285 1740 radices
298 1687 395 1740 montis
407 1703 441 1740 eii
455 1697 566 1756 utreque
584 1696 658 1757 parte
671 1688 690 1742 ri
728 1705 743 1740 e
762 1687 880 1741 fluminis
897 1688 1059 1758 contingant.

140 1756 218 1810 Hunc
236 1774 329 1810 murus
346 1755 527 1809 circumdatus
549 1773 640 1810 arcem
659 1775 674 1810 e
697 1757 741 1810 'cit
759 1767 786 1809 et
804 1775 866 1810 cuin
884 1757 982 1836 oppido
1000 1775 1058 1811 coii-

138 1824 233 1895 jungit.
269 1825 328 1878 Huc
348 1826 445 1878 Caesar
465 1825 569 1895 magnis
592 1828 725 1881 nocturnis
744 1827 898 1896 diurnisque
922 1828 1060 1882 itineribus

140 1894 275 1948 contendit
287 1904 470 1964 occupatoque
483 1896 579 2018 oppido
592 1896 628 1950 ibi
640 1896 804 1978 praesidium
816 1897 936 1949 collocat.

175 1969 216 2016 39.
230 1965 301 2017 Dum
314 1980 413 2036 paucos
424 1964 511 2018 illesa
537 1967 726 2020 Vesontionem
737 1967 775 2020 rei
787 1965 977 2020 frumentariae
990 1981 1059 2020 corn·

140 2042 300 2102 meatusque
319 2050 400 2086 causa
418 2045 542 2105 moratur,
562 2053 596 2088 eir
615 2036 810 2105 percontatione
829 2045 977 2089 nostrorum
991 2038 1058 2090 voci·

139 2103 244 2172 busque
265 2103 401 2157 Gallorum
424 2121 457 2156 ac
481 2115 665 2176 mercatorum,
686 2106 732 2174 qui
752 2107 852 2174 ingenti
877 2107 1059 2174 magnitudine

100 2171 102 2180 ’
139 2189 277 2241 corporum
291 2174 445 2243 Germanos,
460 2174 608 2227 incredibili
620 2176 716 2228 virtute
734 2184 814 2244 atque
833 2175 1023 2228 exercitatione
1035 2177 1059 2228 in

139 2241 221 2296 stiriis
230 2260 289 2294 esse
299 2243 493 2314 praedicabant,
505 2261 697 2313 saepenumero
706 2261 765 2298 sese
775 2261 836 2298 cuin
848 2245 889 2298 his
897 2248 1060 2312 congressos*

140 2329 173 2364 ne
183 2311 285 2365 vultum
295 2313 406 2383 quidem
417 2323 498 2384 atque
510 2313 597 2366 aciem
606 2314 742 2368 oculorum
755 2314 823 2367 ferre
836 2315 962 2384 potuisse,
972 2324 1059 2368 tantus
1129 2343 1130 2362 i

139 2381 226 2435 subito
241 2383 316 2435 timor
328 2401 436 2438 omnem
455 2384 602 2437 exercitum
621 2384 769 2453 occupavit,
784 2393 874 2437 utnon
891 2385 1058 2438 mediocriter

138 2454 260 2506 omnium
277 2463 383 2507 mentes
400 2454 558 2522 animosque
576 2454 749 2523 perturbaret.
785 2453 836 2506 Hic
854 2453 970 2522 primum
990 2464 1059 2506 ortus

140 2532 180 2574 est
200 2539 216 2574 a
238 2524 349 2576 tribunis
369 2523 493 2592 militum,
515 2521 658 2593 praefectis
681 2523 851 2592 reliquisque,
873 2524 918 2592 qui
940 2540 976 2576 ex
995 2524 1058 2577 urbe

139 2592 273 2646 amicitiae
286 2609 367 2647 causa
379 2594 521 2646 Caesarem
534 2594 618 2646 secuti
638 2609 689 2649 non
707 2609 837 2661 magnum
858 2594 884 2646 in
905 2609 932 2645 re
952 2593 1058 2646 militari

140 2776 223 2832 Socii,
237 2792 251 2824 a
263 2775 370 2824 Germsn
386 2777 457 2833 tribe,
471 2793 510 2824 are
527 2777 579 2826 said
595 2787 621 2826 to
637 2777 698 2825 have
716 2777 839 2825 connited
849 2776 878 2825 of
889 2791 934 2825 orie
950 2777 1058 2826 hundred

139 2836 270 2943 puppqtbut
281 2835 338 2884 here
349 2836 407 2896 only
419 2836 459 2885 the
471 2835 573 2885 soldiers
585 2837 613 2885 of
624 2837 694 2885 those
710 2851 756 2884 one
772 2835 881 2885 hundred
897 2837 952 2897 pagi
968 2853 1014 2885 can
1029 2839 1057 2886 bs

169 2970 176 2997 ¹
186 2969 228 3015 An
239 2967 350 3028 ordinary
361 2968 432 3029 dsy's
443 2969 526 3018 march
536 2968 573 3018 for
583 2968 685 3019 soldiers
697 2985 747 3018 war
763 2969 830 3030 sight
843 2969 939 3018 Roman
950 2969 1029 3020 miles.

167 3056 177 3082 ²
191 3052 311 3109 Vesontio,
329 3053 371 3102 the
387 3054 488 3104 modern
506 3053 641 3118 Besancon,
660 3071 692 3104 on
707 3055 749 3104 the
768 3056 831 3104 river
841 3053 928 3112 Dubis,
942 3055 1022 3105 which
1037 3056 1056 3106 is

139 3127 195 3160 now
206 3112 283 3160 called
295 3112 383 3162 Duritia.

169 3197 252 3267 'That
265 3199 294 3256 is,
308 3199 369 3249 from
380 3200 433 3249 that
444 3211 496 3261 part
508 3201 536 3250 of
542 3202 583 3251 the
595 3202 708 3263 territory
716 3201 744 3251 of
750 3200 792 3249 the
804 3201 911 3262 Sequani
919 3200 1001 3252 which
1010 3217 1056 3252 was
1129 3217 1130 3242 t

140 3258 255 3316 occupied
266 3260 299 3320 by
310 3260 460 3308 Ariovistus.

170 3331 178 3358 ⁴
189 3329 214 3378 N
216 3331 305 3393 amely,
317 3336 391 3382 armis
402 3349 429 3382 or
439 3336 504 3383 bello.
