2272 3788
149 295 228 378 Ιιω
465 313 505 356 oa
526 313 622 356 nuso
642 311 776 354 aaaron

168 425 243 506 dgna
254 423 402 478 eonstitere.
437 424 473 478 At
485 420 644 492 reliquarum
662 421 761 476 milites
777 419 920 492 legionum,
933 435 1079 483 nouena-

168 493 223 548 duo
234 491 313 547 tubne
332 509 401 562 sono,
414 492 483 562 quod
496 493 559 545 satis
575 508 672 561 magns
683 492 760 544 vellis
778 491 968 561 intercedebat,
980 492 1080 544 tamen¹

168 561 204 617 ab
215 561 324 616 tribunis
335 562 449 616 militum
462 561 616 631 legatisque,
630 570 659 615 ut
671 571 726 614 erat
738 578 754 614 a
766 561 878 616 Caesare
895 569 1078 631 praeoeptnrn,

170 631 360 686 retinebantur:
379 630 426 684 sed
444 631 507 684 elsti
525 647 573 700 spe
591 629 685 684 eoloris
697 631 820 684 victoriae
837 638 864 686 et
882 629 1000 684 hostium
1017 630 1080 698 fuga

169 701 385 771 superiorumque
398 709 545 770 temporum
554 699 678 753 secundis
687 699 800 770 proeliis,
809 699 874 752 nihil
885 699 956 752 adeo
967 699 1079 752 ardum

170 769 219 824 ribi
235 769 430 838 existimabant,
442 769 512 839 quod
530 785 581 822 non
593 770 688 822 virtute
706 770 832 839 consequi
849 778 976 839 possent3
994 783 1080 838 neque

169 841 241 910 prius
257 841 339 894 tinem
357 837 485 908 sequendi
502 837 628 908 seoerunt,
647 855 728 908 quarn
745 856 820 892 muro
836 838 928 918 oppidi
945 838 1079 918 portisque

169 925 187 962 a
206 909 414 979 propinquarent.
449 907 517 966 'l'urn
532 924 592 960 voro
611 925 644 961 ox
661 907 785 964 omnibus
801 906 874 962 urbis
890 907 1015 978 partibus
1027 915 1081 960 orto

171 993 187 1030 o
241 993 294 1046 ore,
317 977 362 1048 qui
385 975 487 1045 longius
508 976 626 1050 aberent,
640 977 777 1046 repentino
799 977 914 1030 tumultu
942 977 1080 1046 perterriti,

170 1062 252 1116 quum
265 1046 368 1099 hostem
386 1046 452 1099 intra
469 1055 556 1115 portas
572 1063 633 1114 asse
651 1046 839 1116 existimarent,
853 1063 914 1099 sese
932 1063 969 1100 ex
987 1045 1081 1116 oppido

169 1113 313 1184 ejecerunt.
349 1113 451 1168 Matres
473 1115 590 1168 familiae
613 1115 648 1169 de
670 1132 746 1168 muro
765 1123 868 1170 restem
887 1125 1082 1186 argentumque

170 1183 312 1254 jaotabant,
331 1192 357 1236 et
375 1184 488 1253 pectoris
508 1185 569 1238 fine'
586 1184 770 1256 prominentes,
790 1181 875 1254 passis
891 1185 1020 1240 titanibus
1036 1184 1082 1238 oh·

171 1253 334 1308 testabantur
350 1253 488 1324 Romanos,
500 1264 529 1306 ut
547 1253 596 1307 sibi
614 1263 757 1323 parcerent,
771 1271 831 1324 neu,
844 1255 913 1308 siout
925 1253 1057 1308 Avarioii
1073 1282 1083 1294 ·

171 1321 268 1379 eisseut
294 1339 328 1376 ne
346 1322 502 1376 mulieribus
518 1323 627 1392 quidem
647 1332 727 1392 atque
747 1323 890 1378 infantibus
910 1324 1082 1378 abstinerent.

171 1362 320 1446 Nonnuilae
331 1391 365 1444 de
376 1391 458 1446 muris
473 1408 520 1461 por
531 1409 627 1446 manus
638 1391 771 1448 demissae
783 1410 842 1446 sese
854 1393 987 1448 militibus
999 1393 1084 1448 trade·

172 1461 244 1515 bant.
279 1461 309 1514 L.
323 1461 426 1528 Fabius,
439 1461 556 1514 oenturio
573 1461 683 1542 legionis
702 1479 866 1532 v111.,quem
884 1463 953 1516 inter
972 1480 1036 1517 suos
1051 1478 1084 1516 eo

172 1529 216 1584 die
228 1530 326 1584 dixisse
344 1529 487 1598 constabat,
501 1531 608 1584 exeitarr
620 1547 650 1584 se
662 1531 869 1585 Avaricensibus
881 1533 1028 1603 praemiis,¹
1039 1549 1085 1586 ue-

172 1615 225 1670 que
236 1601 448 1668 oommissururu,
461 1607 490 1652 ut
501 1600 573 1668 prius
584 1601 723 1670 quisquam
735 1617 841 1660 murum
853 1601 1021 1672 ascenderet,
1031 1611 1085 1655 tres

173 1685 235 1723 suos
251 1678 344 1725 neotus
361 1668 539 1738 manipulares
556 1678 635 1739 atquo
646 1669 681 1724 ab
693 1669 725 1722 iis
742 1668 898 1724 sublevatus
914 1687 1025 1724 murum
1043 1687 1084 1724 as·

173 1733 271 1792 oendit.
307 1739 361 1792 Eos
372 1737 429 1807 ipso
438 1754 527 1794 rursus
538 1738 654 1806 singulos
662 1747 812 1808 exceptans
822 1739 848 1792 in
860 1757 966 1796 murum
980 1740 1084 1794 extulit

207 1813 250 1862 48.
268 1808 375 1861 Interim
393 1807 419 1878 ii,
431 1807 477 1877 qui
496 1807 529 1860 ad
548 1807 659 1862 alteram
671 1817 773 1877 partem
789 1808 885 1878 oppidi,
898 1817 927 1862 ut
946 1825 1028 1879 supra
1040 1810 1086 1863 de·

173 1877 384 1946 monstravimus,
397 1876 549 1930 munitionis
560 1893 641 1930 eausa
656 1879 849 1948 oonvenerant,⁴
859 1879 945 1948 primo
957 1879 1086 1934 exaudito

173 1944 295 2014 elamore,
320 1945 381 1999 inde
404 1946 483 1999 etiem
513 1945 611 2000 arebris
637 1947 742 2000 nunoiis
765 1946 873 2016 incitati,
896 1948 1026 2018 oppidum
1049 1949 1086 2004 ab

173 2014 297 2068 Romanis
309 2016 411 2084 teneri,¹
419 2015 570 2085 praemissis
581 2015 722 2086 equitibus,
730 2033 827 2084 magno
839 2034 967 2072 eonoursu
980 2034 1013 2070 eo
1021 2035 1085 2072 eon·
1115 2037 1117 2040 ·

173 2081 321 2136 tenderunt.
358 2084 454 2138 Eorum
468 2091 498 2137 ut
509 2085 621 2154 quisque
632 2084 732 2154 primus
744 2095 857 2155 venerat,
871 2086 921 2145 sub
933 2103 1009 2140 muro
1021 2104 1086 2141 oon·

174 2151 284 2206 sistebat
296 2169 454 2224 suorumque
467 2171 484 2222 p
521 2155 640 2208 nantium
653 2171 791 2208 numerum
805 2154 927 2224 augebat.
963 2156 1084 2216 Quorum

172 2234 256 2291 quum
275 2239 372 2292 magna
391 2223 496 2276 multitu
516 2239 531 2274 o
550 2223 735 2292 oonvenisset,x
747 2232 845 2280 matres
864 2223 991 2296 familiae,
1011 2243 1085 2295 quae

173 2290 262 2360 paullo
279 2299 340 2344 ante
358 2291 481 2346 Romanis
498 2291 532 2344 de
549 2309 624 2346 muro
643 2309 738 2346 manus
756 2293 897 2347 tendebant
915 2311 978 2348 suos
994 2294 1084 2350 obtes-

159 2361 231 2413 'rari‘
242 2369 269 2414 et
281 2378 353 2414 more
365 2359 465 2414 Gallico
476 2375 585 2430 passum
603 2361 728 2431 capillum
745 2370 875 2416 ostentare
891 2363 1043 2434 liberosque
1055 2366 1083 2420 in

173 2438 344 2500 oonspeotum
362 2430 476 2500 proferre
492 2440 644 2500 coeperunt.
680 2431 742 2484 Erat
753 2431 877 2485 Romanis
894 2450 944 2486 neo
955 2434 1013 2487 loeo
1031 2451 1083 2490 neo

172 2515 283 2554 numero
302 2517 389 2570 aequa
408 2499 553 2553 eontentio:
578 2499 655 2554 simul
674 2508 701 2552 et
720 2516 798 2553 eursu
817 2511 843 2556 ot
862 2502 947 2581 spatio
967 2505 1084 2572 pugnae*

172 2567 308 2638 defatigati
319 2586 371 2623 non
382 2568 461 2622 faoile
474 2577 594 2624 reoentes
603 2578 683 2638 atque
696 2568 810 2637 integros
821 2571 995 2626 sustinebant.

201 2739 210 2767 ¹
222 2735 308 2784 Tamen
317 2736 374 2786 here
385 2737 459 2787 refers
469 2747 495 2792 tu
505 2739 641 2800 aquomoir,
652 2737 750 2798 implied
760 2738 785 2786 in
792 2738 833 2786 the
844 2739 947 2789 ablativa
958 2739 1079 2798 absolute,

172 2810 220 2842 noro
231 2798 339 2843 eraudite
349 2814 414 2846 rotro.

200 2865 324 2915 sperono
333 2870 398 2930 fiere·
415 2869 468 2917 that
483 2870 700 2931 impederemus,
716 2876 762 2932 ‘up
772 2881 797 2920 to
807 2871 869 2920 their
879 2873 991 2922 bressts!

172 2935 384 3048 'tffvlzpltggh‘by
394 2941 435 2990 the
446 2941 550 2991 meando
561 2942 640 2991 which
652 2942 742 2992 Caesar
752 2943 798 2993 bad
808 2945 880 3006 given
890 2952 915 2992 to
925 2943 964 2994 hia
979 2944 1079 2995 soidiers

201 3071 210 3101 ⁴
219 3069 267 3117 See
277 3071 317 3118 vii.
327 3073 364 3120 44.

201 3147 212 3174 ¹
224 3143 339 3214 Oppidum
349 3149 436 3202 terrem
449 3147 497 3196 this
508 3145 643 3207 accusative
651 3147 711 3197 with
722 3133 890 3199 rhessinfinitiva
898 3149 1005 3211 dependo
1014 3167 1079 3214 upon

172 3201 214 3250 the
225 3201 354 3262 preceding
363 3205 429 3252 word
440 3207 550 3255 nunde..

201 3271 312 3334 ‘supply
325 3273 389 3322 ‘that
400 3275 459 3335 they
469 3276 546 3338 might
557 3276 617 3336 tight
628 3278 727 3340 brately
738 3279 831 3342 against
841 3280 883 3330 the
895 3283 1020 3339 Romana*

200 3339 301 3404 'Spurio
309 3350 411 3408 pugnae,
424 3349 470 3409 ‘by
478 3348 519 3401 tha
530 3347 586 3410 long
594 3347 705 3404 domoon
714 3365 741 3406 or
748 3353 943 3408 eontinumeeos
948 3356 991 3408 the
1001 3349 1078 3430 heht-⁹
