2268 3786
435 291 528 334 arasa
545 291 593 334 m.
929 271 971 334 ὥ

60 419 137 458 onera
154 403 266 457 uarium
281 402 337 471 regi
355 401 423 456 velis
439 417 490 456 noo
514 401 580 457 satis
596 401 738 458 commode
760 417 838 474 posse
861 399 969 458 arbitra·

61 471 162 526 bantur.
198 473 265 526 Cum
276 470 320 526 his
331 471 443 526 mribus
460 481 564 526 nostras
577 471 656 526 classi
668 471 798 542 ejusmodi
814 489 970 542 congressus

60 553 119 612 erat,
133 553 164 596 ut
176 545 236 596 noa¹
248 542 384 595 celeritate
401 549 429 594 et
445 541 524 612 pulsu
540 559 674 596 remorum
691 551 842 612 praestaret,
861 538 971 612 reliqua²

60 628 102 680 pro
125 611 179 666 loci
203 620 303 681 natura,
322 628 368 682 pro
385 610 412 664 vi
430 619 621 682 tempestatum
638 611 690 665 illis
713 621 802 664 essent
825 612 925 682 aptiora
943 623 970 671 et

59 681 306 736 accommodatiora.
341 681 437 750 Neque
449 685 523 735 enim
535 681 578 734 his
588 690 694 734 nostrae
712 681 801 734 rostro⁸
812 698 907 735 nocere
925 698 969 751 po·

59 758 142 805 terant
156 752 243 822 (tanta
255 751 280 804 in
293 749 336 803 his
348 760 404 804 erat
420 749 564 820 firmitudo)
576 767 663 821 neque
682 759 786 820 propter
802 751 971 808 altitudinem

60 820 135 876 lacile
149 819 236 874 telum
247 818 426 890 adjiciebatur,
439 828 465 872 et
478 819 576 874 eadem
587 819 622 872 de
634 837 715 873 cansa
726 821 816 874 minus
827 820 971 876 'commode

59 890 169 959 oopnlis‘
186 889 395 943 continebantur.
431 889 587 944 Accedebat
610 899 646 960 ut,
671 895 735 944 curu
757 891 858 943 saevire
878 899 972 944 ventus

59 961 192 1028 coepisset
205 970 232 1012 et
245 977 274 1012 sa
283 967 361 1012 vento
370 958 515 1028 dedissent,
525 967 551 1012 et
564 968 753 1030 tempestatem
762 959 858 1012 ferrent
868 959 972 1014 lucilius

60 1038 85 1080 et
96 1029 123 1081 in
136 1029 215 1082 vadis
226 1029 398 1082 consisterent
416 1028 497 1081 tutius
515 1037 542 1081 et
560 1028 596 1082 ab
613 1039 689 1082 aestu
708 1029 815 1082 relictae
828 1029 894 1082 nihil
906 1046 972 1082 sarra

59 1108 85 1150 et
102 1109 197 1151 cautes
214 1099 352 1166 timerent,
369 1115 483 1167 quarum
501 1114 588 1152 rerum
606 1099 726 1152 omnium
744 1102 837 1163 nostrie
860 1098 971 1152 navibus

59 1183 136 1220 casus
148 1179 204 1220 erat
218 1166 442 1220 extimescendus.

55 1253 78 1300 A
95 1243 135 1290 14.
154 1235 340 1308 Compluribus
358 1236 515 1304 expugnatis
531 1236 635 1306 oppidis
652 1237 757 1306 Caesar,
776 1237 822 1290 ubi
841 1235 971 1292 intellexit

58 1302 153 1360 srostra
177 1317 281 1361 tantum
303 1304 424 1359 laborem
446 1305 516 1360 sumi
539 1322 625 1374 neque
644 1305 759 1360 hostium
776 1305 868 1374 lugam
885 1324 917 1358 ca
937 1307 971 1360 tis

58 1390 74 1426 o
91 1377 162 1446 pidia
175 1376 282 1446 reprimi
294 1393 382 1444 neque
394 1373 436 1428 his
448 1374 536 1428 noceri
553 1391 639 1444 posse,
654 1375 744 1428 statuit
762 1385 905 1444 exspectan
925 1393 971 1430 am

59 1392 182 1500 obessem.
218 1445 293 1504 Quae
305 1444 351 1498 ubi
364 1445 487 1498 convenit
499 1461 531 1496 ac
544 1445 660 1514 primum
671 1444 707 1498 ab
718 1443 838 1496 hostibus
851 1446 908 1497 visa
920 1455 969 1514 est,

58 1514 162 1570 circiter
177 1532 256 1569 ccxx.
274 1531 359 1568 naves
377 1531 469 1566 eorum
487 1513 669 1584 paratissimae
686 1523 765 1582 atque
783 1516 855 1566 omni
872 1529 970 1581 genere

58 1585 202 1640 armorum⁵
220 1583 402 1638 ornatissimae
426 1581 559 1652 proiectae
577 1600 610 1636 err
629 1593 704 1653 portu
723 1583 818 1635 nostris
840 1584 970 1636 adversae

58 1656 245 1722 constiterunt,
264 1669 349 1722 neque
373 1653 438 1705 satis
455 1651 541 1722 Bruto,
560 1653 605 1721 qui
623 1653 700 1705 classi
718 1661 846 1722 praeerat,
865 1649 909 1704 vel
927 1651 970 1704 tri·
999 1697 1001 1704 ,

58 1721 134 1777 bunis
145 1723 261 1778 militurn
274 1721 531 1790 centurionibusque,
545 1722 641 1790 quibus
657 1721 777 1792 singulae
795 1738 878 1774 naves
896 1730 971 1774 arant

58 1793 206 1859 attributae,
217 1791 362 1860 constabat,
372 1790 434 1860 quid
446 1799 562 1860 agerent,
575 1801 620 1844 aut
632 1809 714 1861 quam
727 1791 855 1844 rationem
866 1805 970 1861 pugnae

58 1861 230 1916 insisterent.⁸
264 1855 356 1916 Rostro
368 1862 440 1914 enirn
452 1861 541 1914 noceri
555 1877 605 1914 non
619 1873 900 1932 possecognoveran15
917 1870 970 1914 tut·

58 1931 127 1986 ribus
139 1941 233 1986 antem
244 1931 377 1984 excitatis'
389 1939 479 1983 tamen
488 1929 537 1984 has
549 1929 659 1984 altitudo
686 1930 794 2002 oppium
806 1947 840 1984 err
851 1929 971 1984 barbaris

58 2002 171 2056 navibus
183 2000 332 2071 superabat,
345 2009 373 2052 ut
385 2015 472 2068 neque
484 2015 519 2052 ex
531 1999 654 2054 interiore
667 1948 729 2054 doce
748 2001 813 2053 satis
829 1999 970 2054 commode

58 2070 109 2124 tela
120 2070 203 2141 adjici
213 2079 320 2140 possent
329 2077 356 2122 at
364 2069 448 2122 missa
459 2068 495 2122 ab
503 2068 588 2123 Gallis
597 2070 704 2138 gravius
715 2069 875 2124 acciderent.
911 2069 971 2126 Una

85 2256 92 2284 ¹
105 2253 176 2309 Uno,⁸
194 2251 245 2301 that
256 2252 286 2307 is,
296 2253 355 2299 solo.
387 2250 434 2298 See
445 2250 514 2310 ohap.
526 2253 548 2306 5,
561 2261 618 2298 note
628 2252 651 2298 4.

84 2327 170 2376 ¹'l'hat
186 2325 215 2383 is,
228 2325 261 2373 all
270 2323 340 2373 other
350 2323 441 2385 things,
454 2323 583 2384 excepting
598 2321 721 2372 swiltnesa
738 2322 784 2372 aod
801 2322 841 2372 the
858 2337 970 2385 manme-

59 2395 123 2434 rnent
134 2384 164 2434 of
175 2385 216 2433 tha
227 2399 289 2433 ears.

84 2458 227 2514 ”Rostrum
240 2472 267 2506 or
277 2457 318 2505 the
334 2454 398 2504 book
408 2452 437 2504 of
448 2470 462 2504 a
477 2453 540 2524 ship‚
553 2470 605 2523 was
621 2470 636 2502 s
652 2453 724 2514 sharp
739 2452 787 2502 and
804 2452 902 2512 pointed
920 2453 973 2502 irco

60 2517 170 2568 attached
181 2527 206 2566 to
216 2516 257 2565 the
264 2531 336 2576 prow
346 2514 375 2564 ol
386 2514 427 2563 the
438 2524 532 2563 onerent
543 2513 610 2574 shrps
620 2513 657 2563 ior
664 2513 705 2562 the
716 2527 819 2573 purpose
830 2510 858 2560 ol
869 2527 973 2574 running

60 2576 107 2626 into
118 2576 167 2626 and
177 2577 294 2636 breaking
304 2576 375 2624 those
386 2573 414 2622 ol
425 2574 466 2622 the
477 2587 573 2633 enemy.

85 2653 95 2681 ⁴
106 2651 211 2712 Copoloe
220 2664 260 2696 are
271 2647 327 2696 here
339 2647 403 2695 what
417 2661 460 2716 ere
476 2645 609 2714 elsewhere
625 2644 701 2693 called
716 2659 906 2700 moneamur
918 2643 971 2704 ser·

27 2798 30 2803 .
60 2701 974 2835 ἑΐῖῐῧοέἒῧέοῗῗῖὲἱῖἶέῆίξὶῖῗέἒῖῗὲῧΐέρ’ῗιῗὶῗοεὲᾞὲᾎῖἓὲῧξἷὲἓὲᾱ

61 2840 124 2883 near,
142 2825 190 2874 and
204 2824 233 2874 ol
246 2825 304 2874 thus
319 2824 440 2886 chaugrng
455 2823 496 2872 the
512 2823 636 2884 sea-light,
649 2838 676 2872 as
691 2831 709 2872 tt
725 2837 798 2879 were,
811 2831 861 2870 roto
876 2838 892 2871 a
905 2820 972 2870 land·

60 2883 126 2946 ogni.

86 2958 181 3006 'Anao
190 2957 323 3018 comprisas
333 2965 375 3006 not
385 2955 444 3016 only
454 2971 526 3013 arms,
539 2957 583 3005 but
593 2953 737 3016 everytbing
747 2969 875 3016 necessary
885 2953 922 3004 sor
932 2952 973 3002 the

60 3019 198 3078 equipment
209 3016 237 3064 of
249 3016 339 3072 aliast,
352 3014 529 3070 cochessella,
541 3029 621 3074 repes,
634 3014 745 3070 anchora,
759 3012 807 3062 dac.

86 3089 172 3140 ⁰Thst
188 3090 218 3145 is,
231 3092 397 3146 instituemus,-
414 3089 458 3136 but
469 3089 607 3137 insisterent
623 3088 731 3136 contains
747 3086 788 3135 the
804 3084 896 3134 ideaos
906 3093 973 3150 meat

60 3151 168 3200 exertion
178 3148 225 3198 and
236 3149 342 3208 activity.

68 3223 96 3268 ·.'
105 3213 277 3272 'l'beoblative
288 3220 399 3270 absolute
411 3219 471 3289 with
482 3220 524 3269 the
539 3235 648 3289 pronoun
663 3223 705 3267 los
720 3217 781 3287 alter
791 3218 818 3274 it,
832 3217 906 3276 ispro
937 3214 975 3285 rlp

61 3296 90 3330 au
99 3279 300 3342 ungraurmetical
308 3289 480 3336 construction,
490 3281 534 3328 bnt
545 3295 566 3327 rs
577 3278 638 3328 used
645 3277 702 3328 here
709 3277 769 3326 with
776 3284 843 3338 meat
852 3289 908 3337 emp
925 3290 974 3326 esra

61 3339 95 3391 lor
105 3349 183 3390 torres
195 3342 307 3390 medates
317 3340 419 3390 oham
429 3339 561 3418 rependat,
