2272 3788
139 299 196 362 ten
441 319 481 362 na
502 321 606 362 samo
620 319 757 364 aaaron.

138 427 296 500 praemium¹
307 429 489 482 communicat
501 427 681 498 hortaturque,
693 437 723 482 ut
741 445 770 482 se
788 428 888 484 liberos
905 437 936 482 et
955 429 1068 500 imperio
1128 473 1129 478 ,

137 498 223 554 natos¹
234 497 418 578 meminerint,
437 515 518 552 unam
530 513 590 550 ease
598 497 754 552 Aeduorum
765 500 915 567 civitatem,
926 517 1001 570 quea
1013 517 1068 553 cer-

138 568 270 622 tissimam
279 564 382 618 Galliae
390 568 527 620 notoriam
539 565 664 620 distineat
671 569 689 636 ,⁴
706 567 766 637 ejus
777 569 938 622 anctoritate
953 569 1070 638 reliquas

138 636 282 705 contineri;
313 652 367 704 qua
390 636 561 705 teredona·
583 635 672 688 locum
700 637 862 692 consistendi
886 639 1021 696 Romanis
1042 640 1069 692 in
1128 675 1129 680 κ

138 706 227 762 Gallia
238 721 291 758 non
303 703 374 758 iore:
394 721 454 758 esse
466 703 591 758 nonnullo
604 721 633 756 se
646 706 769 760 Caesaris
780 705 914 762 beneficio
927 709 1066 774 affectum,

138 778 179 831 sio
190 785 289 844 tamen,
303 781 331 828 ut
348 772 523 854 justissimam
535 771 608 842 apud
626 791 690 828 eum
708 792 819 830 causmn
830 777 977 831 obtinuerit
987 779 1006 846 5⁸
1024 778 1068 831 sed

138 847 200 917 plus
222 859 360 898 communi
384 842 500 898 libertati
512 841 644 898 tribuere:
663 859 711 896 cur
724 845 797 898 eninr
815 846 903 914 potitus
923 847 1019 900 Aedui
1037 848 1069 900 de

139 933 187 970 suo
204 914 264 995 jure
281 921 308 965 et
326 913 361 964 de
373 911 479 982 legibus
490 911 524 965 ad
537 911 682 966 Caesarem
693 912 909 984 disceptatorem,
923 933 1010 984 quarn
1023 918 1069 970 Ro·

139 1001 212 1038 marn
223 982 258 1036 ad
270 981 381 1038 Aeduos
392 981 519 1036 venienti
543 981 671 1036 Celeriter
680 981 898 1038 adolescentibus
909 992 939 1037 et
950 988 1070 1040 oratioue

139 1053 310 1120 magistratus
327 1059 354 1104 et
372 1053 490 1120 praemio
507 1049 639 1121 deductis,
652 1068 735 1121 quum
753 1069 782 1104 se
795 1052 848 1106 vel⁶
859 1053 1002 1122 principes
1013 1056 1071 1124 ejus

139 1121 241 1174 consilii
262 1119 317 1172 scre
335 1121 526 1189 profiterentur,
540 1120 604 1172 ratio
623 1121 777 1190 perficiendi
795 1121 988 1191 quaerebatur,
1001 1124 1070 1192 quud

138 1190 277 1244 civitatem
295 1197 396 1242 temere
414 1189 449 1242 ad
468 1189 669 1257 suscipiendum
687 1189 788 1244 bellurn
806 1190 904 1244 adduci
918 1199 1002 1269 posse
1020 1207 1070 1248 nou

138 1257 316 1312 confidebant.
353 1258 464 1328 Placuit,
477 1261 516 1312 uti
530 1258 664 1312 Litavicus
680 1257 778 1312 decem
796 1258 849 1312 illis
866 1259 989 1331 milibus,
1003 1277 1071 1330 quae

139 1327 246 1382 Caesari
258 1325 291 1379 ad
304 1326 405 1380 bellurn
419 1329 595 1396 mitterentur,
604 1327 792 1397 praeficeretur
802 1338 884 1396 atque
896 1345 931 1382 ea
944 1329 1071 1384 ducenda

140 1405 251 1465 curaret,
264 1395 411 1470 fratresque
430 1395 490 1466 ejus
507 1396 541 1450 ad
554 1398 697 1450 Gaesarem
709 1397 917 1466 praecurrerent.
955 1398 1071 1472 Reliqua

140 1483 194 1538 qua
206 1467 306 1520 ratione
319 1465 362 1534 agi
376 1465 488 1535 placeat,
502 1467 674 1520 constituunt.
817 1510 821 1519 .

141 1555 147 1568 ·
175 1541 216 1590 δᾶ
236 1536 370 1589 Litarious
396 1544 507 1604 accepto
525 1535 652 1604 exercitu,
672 1551 756 1604 quum
779 1535 853 1589 milia
871 1553 1005 1604 passuum
1023 1537 1071 1592 oir-

140 1606 207 1659 citer
225 1623 289 1660 m.
307 1603 343 1658 ab
362 1574 494 1672 (lergcria
512 1603 629 1673 abesset,
648 1604 802 1658 convocatis
820 1605 907 1658 subito
925 1606 1069 1676 militibus,

141 1675 290 1744 lacrimans,
303 1673 363 1733 Quo
379 1673 577 1742 proficiscimur,
597 1673 690 1742 inquit,
710 1673 830 1728 militesl
865 1675 961 1728 Omnis
980 1684 1072 1730 noster

140 1746 281 1814 equitatus,
300 1742 387 1796 omnis
404 1741 529 1796 nobilitas
546 1742 658 1796 interiit:
678 1742 812 1812 principes
829 1743 954 1812 civitatis,
969 1745 1070 1814 Epora·

141 1814 209 1868 dirix
231 1821 259 1866 et
276 1811 458 1881 Virdumarue,
478 1811 624 1868 insimulati
646 1811 807 1882 proditionis,
826 1811 862 1866 ab
879 1813 1011 1866 Romanis
1029 1815 1069 1869 in·

140 1882 213 1936 diota
230 1883 321 1935 creusal
338 1879 470 1934 interfecti
488 1889 558 1936 sunt.
594 1879 669 1938 Haec
688 1880 724 1934 ab
744 1881 777 1933 iis
789 1881 953 1949 cognoscite,
968 1883 1018 1951 qui
1035 1901 1071 1938 ex

140 1952 199 2021 ipsa
216 1949 300 2004 caede
319 1947 459 2018 sugerunt:
478 1964 542 2002 nam
554 1966 612 2019 ego,
625 1949 750 2002 fratribus
761 1961 841 2019 atque
860 1950 988 2004 omnibus
1000 1953 1071 2006 meis

140 2020 294 2089 propinquis
312 2019 466 2087 intersectis,
480 2017 570 2070 dolore
582 2017 730 2087 prohibeor,
744 2035 813 2086 quae
831 2026 999 2089 gesta'sunt,
1011 2037 1069 2090 prc-

139 2089 276 2142 nunciare.
319 2087 500 2142 Producuntur
526 2088 552 2155 ii,
578 2104 645 2156 quoa
670 2086 715 2140 ille
742 2087 893 2156 edocuerat,
915 2103 990 2157 quae
1013 2089 1070 2142 dici
1128 2135 1129 2142 ,

142 2157 230 2229 vellet,
249 2165 329 2226 atque
347 2155 444 2210 eedem
462 2173 532 2226 quae
550 2157 686 2211 Litoribus
703 2157 932 2225 pronunciaverat,
946 2157 1069 2212 multitu-

140 2225 196 2279 dini
221 2235 371 2296 exponunt:
396 2242 492 2280 onmes
513 2225 619 2294 equites
636 2224 793 2279 Aeduorum
811 2225 974 2296 interlectos,
994 2227 1069 2348 quod

140 2295 263 2350 collocuti
285 2313 349 2358 curn
368 2297 495 2348 Arvernia
518 2293 671 2347 dicerentur
679 2310 687 2362 3
711 2293 783 2364 ipsos
807 2309 837 2348 ee
862 2295 930 2348 inter
949 2296 1069 2350 mutitu-

140 2365 233 2418 dinem
250 2365 365 2420 militum
383 2364 532 2418 occultasse
551 2371 685 2432 etqueex
702 2363 793 2418 media
810 2363 895 2418 caede
908 2363 1068 2433 profugisse

170 2523 177 2550 ¹
188 2518 243 2567 The
251 2520 381 2580 prosarium
392 2517 509 2578 probably
519 2517 644 2566 consisted
655 2517 680 2566 iu
690 2517 733 2569 the
743 2533 834 2578 money
844 2519 878 2578 by
888 2517 972 2566 which
982 2517 1014 2568 be
1025 2533 1067 2569 en·

140 2577 277 2626 deavonrod
288 2587 313 2624 tc
324 2577 380 2638 gain
391 2577 459 2626 thern
470 2592 535 2625 over.

169 2647 285 2711 'Imperio
296 2658 378 2706 cotom
396 2649 448 2697 that
460 2649 489 2705 is,
502 2652 534 2696 ad
544 2650 755 2711 imperiomrrutoa
766 2663 796 2696 or
808 2649 920 2698 ‘bomto
930 2648 1002 2712 ruia!

169 2721 319 2776 'Distinera
336 2720 456 2781 properly,
477 2725 517 2769 ‘to
533 2721 596 2780 keep
612 2720 740 2778 eeunder3’
757 2721 834 2770 hence
848 2725 888 2770 ‘to
903 2721 1026 2780 prevent‚'
1039 2737 1067 2772 so

140 2781 191 2828 that
204 2781 222 2828 it
234 2782 348 2828 becomes
360 2779 447 2827 almost
459 2779 597 2838 equivalent
609 2789 634 2827 to
645 2781 757 2828 delinere.
972 2783 975 2789 '

156 2851 291 2934 “Thetis,
303 2851 337 2899 ‘is
343 2849 395 2900 thet
407 2860 470 2899 erere
477 2867 542 2900 were
553 2862 579 2900 ro
589 2854 620 2900 be
630 2851 735 2912 brought
746 2865 804 2902 over
814 2860 840 2900 to
850 2849 893 2901 the
904 2851 957 2903 aida
968 2852 998 2903 of
1005 2852 1065 2905 Ver·

140 2921 282 2973 erugatonx.
855 2927 858 2939 ’

168 2986 253 3036 ‘Ther
271 2987 300 3042 ie,
316 2986 356 3033 ‘in
372 2984 432 3034 such
450 2999 589 3042 smanner,
602 2985 726 3043 however,
738 2985 791 3036 that
808 2986 839 3036 he
857 2985 904 3036 had
917 2985 1066 3036 maintained

138 3046 222 3095 before
240 3046 290 3094 him
306 3044 416 3101 (Caesar)
432 3044 484 3092 that
497 3044 578 3092 which
590 3059 641 3093 was
658 3045 706 3093 due
723 3055 749 3093 to
765 3044 817 3093 him
834 3043 1064 3102 (Conuictolitauis).

143 3105 245 3154 Causam
255 3106 358 3152 obtinere
368 3103 390 3150 is
400 3117 414 3151 a
426 3103 526 3163 judioial
537 3112 608 3159 term,
622 3103 756 3164 aigniFying
768 3108 808 3150 ‘to
818 3103 875 3164 gain
885 3117 900 3150 a
911 3101 1028 3152 lawsuit.¹

168 3179 177 3206 ⁶
192 3176 235 3226 Vel
251 3177 308 3224 here
319 3176 340 3224 is
353 3176 453 3224 ‘erent’
474 3177 555 3224 ‘since
572 3176 631 3235 they
642 3175 753 3224 declared
763 3174 816 3222 that
833 3174 893 3235 they
903 3173 986 3223 would
1003 3189 1065 3224 even

140 3238 171 3284 bs
182 3236 223 3284 tho
234 3235 286 3284 first
298 3244 323 3282 to
333 3249 402 3293 carry
414 3235 455 3282 the
467 3234 553 3294 design
564 3234 615 3282 into
625 3234 715 3281 effect!

169 3305 280 3370 'induto
291 3322 372 3360 consa,
388 3306 505 3353 ‘without
517 3305 606 3364 having
617 3305 688 3352 made
699 3305 762 3353 their
772 3305 892 3364 dolenen?
905 3320 933 3354 or
946 3307 1063 3357 ‘without

140 3361 230 3421 having
240 3362 288 3410 had
299 3378 329 3410 au
339 3364 495 3423 opportunity
506 3362 534 3410 of
545 3362 675 3424 defending
685 3363 852 3414 themselves!
945 3413 948 3418 .
