2268 3786
111 289 167 355 Μ
407 307 449 350 oa
469 307 576 350 annno·
587 307 722 350 armico.

107 434 160 472 non
176 415 280 486 loiseel,
296 415 372 472 nulla
386 417 415 472 in
431 434 459 470 re
476 417 613 472 communi
631 416 710 472 saluti
727 415 828 484 deerat,
844 425 872 470 ct
891 416 916 470 in
934 413 1031 486 appal-

107 487 203 542 landis¹
219 485 440 557 cohortandisque
459 486 589 541 militibus
601 486 767 556 imperatoris
777 498 804 540 er
817 487 843 539 in
856 502 946 555 pugna
957 485 1029 540 mili·
1117 484 1118 554 l

108 556 405 626 risoffioiapraestsbat.
431 556 577 626 Quumque
587 566 692 626 propter
703 555 898 625 longitudinem
975 555 1030 609 inis
1117 557 1118 566 ‘

106 626 196 681 murus
210 625 289 680 focile
308 643 355 696 per
369 643 399 680 se
417 625 507 680 omnia
524 625 605 696 obire,
618 625 721 696 etquid
735 642 841 695 quoqne
854 625 911 678 loco
935 625 1029 678 acien-
1118 627 1119 632 ’

106 696 260 765 dumesset,
274 695 413 766 providere
422 705 536 766 possem,
548 695 683 766 jusserunt
695 695 888 766 pronunciare,²
899 703 927 748 ut
941 695 1029 764 impe-

105 765 226 818 dimenta
237 764 417 836 relinquerent
427 775 509 834 atqua
521 765 547 818 in
559 765 653 820 orbem
664 765 848 818 consisterent.
873 763 952 823 Quod
963 780 1028 818 con-

24 898 29 907 ·
105 834 194 890 silium
207 834 257 888 etsi
269 835 295 888 in
313 833 446 904 ejusmodi
460 851 526 888 casu
544 833 793 906 reprehendendum
805 851 857 888 non
870 843 919 903 est
933 842 1030 888 tamen
1121 831 1122 840 ’

104 903 272 960 incommode
291 903 404 958 accidit:
428 921 492 958 nam
510 914 537 959 et
555 905 650 958 nostris
673 904 804 958 militibus
822 921 899 973 spem
917 902 1027 974 minnig
1122 917 1123 930 ³

104 983 132 1027 et
144 974 235 1028 hostes
245 973 280 1026 ad
293 991 412 1043 pugnarn
422 973 564 1028 alacriores
575 973 673 1043 effecit,
687 973 758 1044 quod
769 990 821 1026 non
840 973 897 1026 sins
916 989 1028 1028 summo

29 1051 36 1066 ·
105 1044 198 1098 timore
206 1051 235 1096 et
245 1042 431 1112 desperatione
440 1043 467 1096 id
476 1042 579 1097 iactum
589 1042 736 1097 ridebatur.
762 1043 904 1096 Praeterea
915 1042 1028 1114 assidit,
1124 1089 1125 1108 ,

104 1113 174 1183 quod
186 1112 244 1168 fieri
256 1129 368 1166 necesse
380 1120 443 1180 erat,
457 1121 487 1166 ut
499 1131 533 1166 vn
591 1112 690 1168 milites
701 1111 736 1165 ab
747 1113 831 1181 signis
844 1111 1029 1182 discederem,

103 1183 398 1262 quosquisqueeorum
406 1181 547 1236 carissima
570 1181 1027 1252 aberenabimpedimennrpetere
1125 1176 1126 1192 ¹

102 1261 183 1322 atque
203 1253 324 1322 abripere
345 1261 505 1323 properaret,
523 1253 640 1306 clamore
657 1269 692 1306 ao
710 1252 776 1306 fletu
794 1252 887 1306 omnia
904 1251 1026 1322 eomple-

102 1331 200 1378 milit.

137 1395 179 1446 34.
198 1394 234 1445 At
253 1391 372 1446 barberis
389 1391 540 1446 consilium·
556 1408 606 1446 non
626 1390 726 1446 deluit:
746 1407 811 1444 nam
825 1390 910 1444 duces
927 1407 1030 1448 eorum

102 1469 158 1516 tota
174 1463 233 1514 acie
251 1462 425 1531 pronunciare
439 1461 581 1532 jusserunt,
598 1479 633 1514 ne
650 1461 712 1532 quis
728 1460 764 1514 ab
781 1461 838 1514 ioco
853 1459 1024 1516 discederet:

102 1531 206 1586 illorum
224 1548 285 1584 esse
304 1531 439 1602 praedam,
452 1539 533 1654 cipue
551 1531 604 1584 iliis
622 1530 757 1600 reservari,
770 1547 958 1600 quaecumque
969 1531 1024 1584 Ro·

100 1602 175 1658 meni
194 1600 242 1656 reli
264 1602 380 1654 cissent:
403 1601 477 1680 proin
498 1617 514 1654 e
533 1601 623 1654 omnia
643 1601 670 1654 in
691 1601 800 1654 victoria
823 1601 910 1670 posita
929 1600 1023 1654 existi·

100 1680 218 1726 marerrt..
276 1680 330 1724 rant
344 1679 371 1724 et
383 1679 480 1724 virtute
492 1678 520 1724 et
533 1687 644 1724 numero
662 1669 803 1740 pugnando
822 1687 899 1740 pares
907 1671 924 1723 :⁴
938 1671 1027 1726 nostri

102 1741 266 1811 tamenetsi
284 1739 320 1794 ab
332 1741 401 1794 duce
419 1750 446 1794 et
465 1740 569 1794 fortune
587 1739 784 1810 deserebantur,
801 1749 892 1794 tamen
909 1757 1026 1794 omnem

100 1827 176 1880 spem
194 1809 288 1862 salutis
305 1809 332 1862 in
347 1811 444 1862 virtute
462 1809 603 1880 ponebant,
620 1820 647 1863 et
663 1811 767 1880 quoties
783 1826 907 1880 quaeque
925 1809 1027 1864 cohors

120 1887 271 1958 recurreret²
289 1879 325 1932 ab
343 1897 376 1931 ea
394 1888 468 1948 perte
487 1897 598 1948 magnus
615 1879 732 1936 hostiurn
750 1896 877 1933 numerus
895 1879 1021 1934 cadebat.

99 1895 161 2008 gun
179 1966 206 2002 re
226 1948 419 2018 animadversa,
439 1949 577 2003 Ambiorix
595 1949 761 2021 pronunciari
778 1949 861 2020 jubet,
879 1957 909 2002 ut
926 1949 1022 2020 procul

100 2015 154 2070 tela
177 2016 317 2097 conjiciant
341 2035 393 2070 nen
418 2019 524 2088 pmpins
547 2019 685 2088 accedant,
707 2029 734 2072 et
757 2035 838 2089 quarn
863 2019 890 2072 in
913 2031 1023 2090 purtem

99 2085 210 2140 Romani
224 2095 355 2156 impetum
371 2087 489 2157 iecerint,
502 2087 613 2152 cedant;
632 2089 740 2146 levitate
758 2103 891 2142 armorum
910 2098 937 2142 et
954 2105 1021 2157 quo·

100 2155 199 2237 tidipns
210 2155 400 2210 exercitatione
412 2157 479 2212 nihil
490 2158 524 2211 iis
539 2160 628 2213 noceri
639 2175 731 2230 posse:
752 2175 841 2212 rursus
852 2176 882 2214 se
893 2157 928 2212 ed
940 2159 1021 2228 signa

100 2226 269 2294 recipientes⁰
280 2227 460 2296 insequantur.

134 2300 176 2350 35.
194 2295 252 2354 Quo
276 2305 417 2366 praecepto
436 2297 471 2350 ab
490 2297 523 2350 iis
545 2297 747 2366 diligentissime
766 2298 912 2367 observato,
932 2314 1021 2367 quum

99 2365 244 2436 quaepiam
261 2368 354 2420 cohors
371 2385 406 2420 ex
422 2367 486 2421 orbe
504 2377 655 2420 excesserat
670 2379 751 2439 atque
764 2367 896 2438 impeturn
908 2367 1019 2434 iecerat,

98 2434 190 2490 hostes
201 2435 370 2490 velocissime
389 2436 564 2506 refugiebant.
601 2437 710 2492 Interim
728 2453 789 2490 earn
804 2447 908 2507 partem
922 2437 1021 2492 nudari

99 2522 211 2560 necesse
224 2515 280 2559 erat
293 2516 320 2560 et
331 2506 366 2561 ab
379 2506 461 2560 latere
473 2516 564 2576 aperto
577 2507 630 2560 tela
642 2507 733 2575 recipi.
769 2508 876 2576 Rursus,
890 2523 974 2576 quum
989 2508 1024 2564 ita

100 2591 167 2632 sou
176 2577 275 2646 locum,
283 2576 354 2630 unde
378 2586 453 2631 erant
465 2575 604 2648 progressi,
618 2577 714 2630 reverti
726 2585 876 2646 coeperant,
889 2586 916 2630 et
927 2576 964 2632 ab
975 2576 1018 2647 iia,

127 2739 272 2802 ’Appellare
282 2737 339 2787 here
351 2739 371 2787 is
383 2739 423 2787 the
435 2753 501 2788 same
512 2755 539 2788 es
550 2740 647 2800 alloqui,
662 2743 704 2786 ‘to
714 2737 830 2787 address.’

125 2827 275 2876 ’laeserunt
289 2829 460 2890 pronuntiem
478 2827 518 2876 the
536 2829 631 2889 subject
642 2827 670 2876 oi
676 2829 806 2890 jusserunt
823 2827 924 2875 isducer
938 2841 966 2876 or
977 2826 1020 2875 the

97 2887 273 2955 commandens,
283 2887 329 2935 and
341 2887 381 2934 the
393 2902 491 2956 persons
499 2887 579 2936 whom
589 2885 782 2994 thepcommand
792 2895 818 2934 to
828 2885 944 2946 prcelaim
952 2886 1023 2936 what

98 2961 119 2994 rs
129 2957 155 2994 to
166 2948 196 2994 be
207 2946 269 2994 done
281 2961 320 2994 are
332 2945 373 2995 the
384 2956 530 2994 centurione.
563 2947 609 2995 See
621 2963 634 2994 c
652 2961 689 3006 ap.
701 2949 738 2994 34.

96 3091 98 3098 y
127 3032 136 3061 ¹
147 3032 281 3081 Consilium
290 3033 348 3080 here
358 3032 379 3080 is
393 3038 522 3092 ‘presence
533 3031 561 3081 oi
569 3033 653 3090 mind‚’
666 3033 746 3083 which
757 3033 778 3083 ia
790 3033 831 3086 the
841 3032 918 3084 result
928 3031 956 3082 ol'
965 3047 1021 3094 pto·

99 3090 169 3139 vicus
180 3090 283 3152 thought
294 3092 340 3139 and
351 3091 508 3174 deliberption
518 3094 666 3152 (masiliam).

128 3178 137 3204 ⁴
147 3173 202 3224 The
213 3177 327 3284 meaning
336 3175 364 3226 oi
371 3177 420 3225 this
430 3191 533 3239 passage
543 3177 577 3226 is:
591 3178 651 3226 both
659 3179 723 3228 their
728 3177 813 3228 velour
820 3149 867 3228 ond
877 3177 941 3228 their
948 3193 1020 3229 rrum·

100 3234 143 3279 ber
160 3233 283 3300 (inuwhich
299 3245 308 3282 t
327 3251 358 3295 ey
369 3236 498 3294 snrpassed
514 3235 555 3284 the
571 3235 688 3294 Romans)
705 3237 826 3290 rendered.
839 3239 908 3288 tham
922 3236 979 3288 ahie
993 3246 1022 3288 to

100 3303 160 3348 cepe
171 3291 231 3340 with
242 3292 283 3340 the
295 3294 411 3343 Romans.

130 3371 347 3438 'Teium-m
357 3351 582 3442 sepphoram*
