2272 3786
463 295 555 341 mssa
572 294 601 340 v.
873 285 876 290 '
930 279 987 341 121

60 409 184 466 Materia
205 409 338 482 cujusque
361 407 468 480 generis
491 416 520 462 ut
539 410 566 462 ia
587 405 675 461 Gallia
698 414 748 479 est,
772 405 988 479 praeterfugere

62 491 145 550 etque
172 482 302 534 abietem.
339 479 470 548 Leporem
491 487 517 530 et
537 477 666 547 gallinam
686 487 712 529 et
734 493 857 532 anserem
881 489 989 548 gustare

61 549 101 604 las
114 568 171 603 non
184 560 279 620 putant
287 566 295 618 3
316 549 383 603 haec
395 557 488 602 tamen
499 548 573 601 alunt
586 547 669 600 animi
681 547 879 618 voluptatisque
898 565 987 604 causa.

61 620 141 674 Loca¹
166 630 228 673 sunt
249 619 438 690 temperatiora
458 635 541 688 qnam
562 618 590 670 in
606 617 705 688 Gallia,
728 617 924 672 remissioribus
945 618 988 672 sri-

77 691 183 744 oribus.

59 707 77 758 g
97 765 138 814 13.
160 758 253 816 Insula
273 767 366 811 nature
387 757 520 828 triquetra,
542 755 621 827 eujus
639 771 725 810 unum
744 756 816 811 latus
836 767 877 810 est
897 767 988 812 eontra

59 829 193 885 Galliam.
231 827 318 897 Hujus
335 827 427 880 lateris
447 827 514 880 alter
534 827 655 896 angulus,
669 827 714 896 qui
733 837 775 881 est
792 827 827 880 ad
843 828 988 897 Cantium,²

58 916 110 968 quo
132 901 195 952 sere
216 915 311 950 omnes
331 914 365 950 ex
385 897 474 951 Gallia
493 911 578 949 naves
597 896 775 966 appellentur,
797 898 831 950 ad
855 899 987 952 orientem

56 969 157 1038 solem,
175 967 281 1022 inferior
293 967 328 1020 ad
340 966 481 1020 meridiem
495 974 607 1036 spectat.
645 966 701 1019 Hoc
713 966 784 1020 latus
797 976 870 1021 tenet
882 968 987 1022 circiter

57 1039 134 1092 milia
156 1055 287 1108 passuum
307 1053 333 1090 n.
370 1037 495 1090 Altemm
506 1037 591 1105 vergit
602 1035 636 1087 ad
650 1036 807 1106 Hispaniam
823 1045 905 1107 atque
917 1039 988 1092 oooi·

57 1107 176 1164 dentem
195 1108 288 1175 solem,
303 1122 355 1176 qua
374 1123 407 1160 ex
425 1115 500 1176 parte
519 1114 560 1158 est
578 1105 714 1176 Hibernia,
727 1107 838 1160 dimidio
849 1108 943 1178 minor,
956 1119 986 1162 ut

55 1181 229 1248 aestimatur,
256 1193 339 1298 puam
362 1173 513 1245 Britannia,
543 1174 592 1228 sed
634 1176 672 1250 ari
704 1178 789 1247 spatio
814 1179 988 1234 transmissus

56 1258 141 1318 atque
156 1265 192 1302 ex
204 1246 254 1300 Gal
266 1248 293 1299 ia
310 1254 352 1298 est
370 1246 397 1298 in
415 1245 589 1299 Britanniam.
639 1264 656 1298 n
675 1245 725 1300 hoo
743 1247 834 1300 medio
851 1264 931 1302 eursu
944 1259 986 1304 ost

52 1318 156 1386 insula,
171 1332 240 1388 quae
253 1315 404 1437 appellatur
416 1317 524 1385 Mona;¹
541 1313 695 1386 complures
710 1326 849 1386 praeterea
866 1319 988 1373 minores

56 1387 185 1458 objectae
211 1387 315 1440 insuae
340 1386 542 1455 existimantur,
569 1384 603 1438 de
628 1385 725 1456 quibus
748 1385 842 1440 insulis
864 1388 985 1444 nemun
1046 1393 1049 1400 '

55 1458 226 1528 ecripsenrnt
256 1455 317 1510 dies
340 1455 480 1509 continuos
503 1473 567 1510 xxx.
592 1455 644 1509 sub
663 1455 767 1508 bruma⁴
785 1472 846 1508 esse
866 1461 985 1515 noeteni.

54 1527 113 1582 Nos
132 1525 204 1580 nihil
222 1495 257 1579 de
277 1542 309 1578 eo
348 1525 590 1590 ereunptationibus
608 1522 815 1596 reperiebamus,
834 1525 886 1580 nisi
904 1527 985 1580 certis

46 1588 89 1660 [ea
101 1599 188 1666 aqua⁶
201 1543 346 1673 mensurisi
349 1593 483 1650 breviores
501 1611 562 1648 esse
580 1611 664 1664 quam
682 1595 707 1647 in
726 1595 872 1648 continenti
890 1604 985 1650 noctes

53 1653 242 1734 videbamus(
279 1665 366 1734 Hujus
395 1675 435 1717 est
465 1663 601 1734 longitudo
626 1664 725 1733 lateris,
750 1672 779 1717 ut
803 1665 853 1718 fert
877 1665 983 1720 illorum

53 1738 155 1808 opinio,
170 1718 239 1790 ned
253 1734 379 1789 milium.'
403 1733 526 1788 Tertium
543 1742 585 1786 est
603 1743 694 1786 contra
712 1735 924 1805 septemtriones,
937 1737 983 1790 oui

51 1807 124 1876 parti
139 1805 215 1860 nulla
228 1814 268 1858 est
281 1804 386 1876 objecta
399 1812 468 1858 terra
476 1821 484 1874 3
503 1803 551 1856 sed
564 1803 623 1873 ejus
634 1803 750 1873 angulus
761 1804 852 1859 lateris
863 1807 983 1860 maxime

51 1877 86 1932 ad
99 1877 281 1932 Germaniam
296 1881 414 1945 spectat:
434 1873 496 1928 huic
515 1872 591 1926 milia
608 1889 737 1944 passuum
755 1891 834 1930 occe.
853 1877 881 1930 in
899 1877 981 1947 longi·

51 1947 182 2002 tudinem
200 1962 261 1999 esse
281 1944 456 1998 existimatur.
493 1945 534 1997 lta
551 1945 640 1998 omnis
657 1944 744 1998 insula
761 1955 803 2000 est
822 1947 981 2004 incircuitu

51 2017 143 2073 vicies
155 2023 266 2070 eentum
279 2013 384 2070 milium
397 2030 535 2084 passuum.
929 2041 933 2050 ·

89 2093 133 2142 14.
155 2085 198 2142 Ex
210 2084 253 2138 his
264 2083 389 2138 omnibus
407 2083 485 2154 longe
504 2095 565 2136 sunt
584 2080 780 2156 humanissimi,
794 2087 840 2157 qui
852 2088 981 2143 Cantium

49 2156 185 2225 incolunt,
204 2171 274 2224 quae
295 2154 367 2221 regio
389 2163 430 2206 est
450 2153 586 2210 maritima
608 2155 703 2225 omnis,
722 2171 811 2236 neque
829 2157 980 2214 multurae

51 2226 161 2284 Gallica
173 2223 302 2282 differunt
314 2223 516 2277 consuetudine.
553 2223 694 2278 Interiores
709 2225 831 2296 plerique
844 2225 981 2285 immerita

50 2313 105 2349 non
127 2303 229 2364 semnt,
244 2293 292 2346 sed
305 2293 375 2346 laete
389 2302 416 2346 et
428 2309 508 2346 carne
521 2293 612 2346 vivum
624 2293 793 2364 pellibusque
806 2305 867 2349 sunt
879 2299 978 2352 vestiti.

49 2365 157 2421 Omnes
168 2381 233 2418 vero
246 2381 275 2416 se
288 2361 404 2416 Britanni
418 2363 495 2416 vitro⁶
506 2363 635 2434 inficiunt,
645 2362 715 2433 quod
728 2364 882 2418 caertdeum
895 2367 979 2422 eflicit

78 2523 85 2550 ¹
97 2519 172 2574 Loco,
186 2517 236 2567 like
244 2535 289 2565 aer
298 2516 345 2566 and
355 2519 450 2574 edam,
463 2533 520 2578 may
531 2518 562 2566 be
570 2514 688 2568 rendered
700 2516 733 2576 by
746 2515 873 2566 ‘stenae’

78 2595 89 2622 ¹
101 2593 219 2642 Cantium
229 2591 250 2639 is
261 2591 301 2639 the
313 2590 414 2638 modern
424 2590 498 2638 Kent.
918 2590 921 2596 '

78 2667 189 2723 ’Mona
202 2665 331 2726 according
338 2675 367 2714 to
375 2679 454 2722 some,
466 2667 489 2714 is
499 2665 541 2718 tlte
551 2664 602 2714 isle
613 2663 641 2716 os
649 2663 729 2722 Mam
746 2663 794 2716 end
806 2663 937 2726 according
952 2675 979 2714 to

49 2729 144 2783 others,
159 2725 296 2786 Anglesey.

79 2805 89 2832 ⁴
98 2801 193 2850 Bruma
204 2799 225 2846 is
236 2798 277 2846 tha
288 2799 376 2848 winter
386 2798 493 2856 soterice,
506 2797 554 2848 and
564 2799 585 2848 is
595 2797 725 2860 perham
734 2797 884 2851 coutraetioo
893 2799 922 2851 of
927 2801 976 2848 tre-

48 2865 173 2915 vissumm
193 2858 298 2918 namsiy,
311 2860 370 2906 diss.

78 2935 157 2985 *true
173 2949 417 2994 mmmeeeuqee
428 2948 476 2984 me
492 2944 687 2988 messueraents
706 2933 776 2984 made
795 2935 930 2996 hymetus
948 2935 976 2984 ol

50 3004 143 3052 water3
162 2993 215 3041 that
234 2993 264 3046 is,
282 2993 315 3053 by
331 3007 415 3040 means
433 2991 462 3042 ol
478 3007 493 3039 a
510 2991 645 3053 clepsydra,
662 3009 736 3044 oran
753 2992 892 3055 bour-gloss
909 2993 978 3044 filled

49 3055 112 3104 with
122 3065 210 3104 mater.
235 3051 323 3112 ‚Enete
334 3067 380 3104 erre
393 3051 447 3102 mitt
457 3067 507 3102 sae
526 3051 578 3106 that
596 3051 656 3106 beth
673 3053 715 3101 tbe
731 3052 876 3113 description
890 3051 921 3105 ,ol
934 3049 977 3103 the

50 3115 170 3164 situation
180 3111 209 3159 of
221 3111 323 3168 Britain,
335 3110 383 3159 and
393 3110 421 3159 cs
433 3111 465 3159 its
481 3120 573 3169 extent,
586 3111 607 3160 is
622 3127 754 3162 erroneous
770 3113 794 3164 in
809 3111 858 3164 this
874 3123 977 3166 account

50 3173 240 3294 ofnssxgrfi
259 3243 301 3292 ure
317 3242 376 3294 herb
392 3242 471 3298 woud,
484 3243 545 3293 used
560 3243 786 3305 sordyeingablue
797 3244 887 3293 colcur.
918 3245 976 3297 The

51 3307 164 3379 ancients
181 3302 233 3351 also
243 3302 322 3351 called
337 3302 355 3349 it
370 3304 485 3410 plastem,
498 3301 545 3350 end
556 3301 655 3350 medam
670 3303 789 3372 botanists
806 3302 852 3371 eall
870 3304 887 3351 it
905 3307 978 3355 isetie
1057 3325 1064 3348 ι

53 3374 167 3416 tractem
207 3361 231 3412 lt
241 3376 324 3410 seems
334 3369 360 3409 to
388 3375 432 3409 sve
447 3359 570 3420 produced
580 3374 595 3408 s
604 3361 718 3422 greentm
733 3375 761 3409 or
772 3359 975 3415 bluershicelem.

144 3437 171 3484 ll
506 3443 523 3480 u
