2268 3786
134 293 175 354 8⁰
436 309 477 354 ne
497 309 595 350 aeaco
615 307 749 352 osmrco.

136 437 184 491 per
201 436 263 472 suos
285 419 420 490 principes
443 417 511 472 inter
534 433 564 472 ss
587 417 723 499 conjurant
747 417 822 492 nihil,
841 415 895 472 nisi
913 413 1055 473 communi

137 489 247 542 consilio
265 499 369 542 acturos
386 488 557 558 eundemque
575 504 662 541 omnis
676 487 797 542 fortunae
816 487 922 546 exitum
939 504 1001 542 esse
1019 488 1055 541 la·

137 569 216 628 turos,
226 559 395 629 reliquasque
407 557 531 618 civitates
543 557 732 627 sollicitarent
744 557 770 612 in
784 557 960 627 ea'libertate,
972 573 1056 627 quam

136 645 154 680 a
165 628 310 699 majoribus
321 636 487 698 acceperant,
501 643 664 698 pennanere,
678 643 760 696 quam
776 629 955 682 Rornanomm
973 627 1055 680 servi·

138 707 224 751 tutem
235 697 351 768 perferre
363 697 481 750 mallent.
518 696 597 750 Omni
606 711 650 750 ora
659 695 794 758 maritima
802 696 926 750 celeriter
933 696 969 750 ad
978 713 1057 750 suam

138 767 296 822 sententiam
316 767 447 838 perducta¹
461 783 633 822 communem
651 766 810 834 legationem
831 763 864 818 ad
885 766 913 820 P.
930 767 1057 820 Crassum

137 837 257 890 mittunt:
278 839 301 891 si
314 837 379 890 velit
391 853 453 890 suos
465 836 591 906 recipere,
605 834 712 890 obsides
722 836 776 894 sibi
788 836 916 890 remittat.

173 911 197 958 9.
216 907 318 966 Quibus
338 907 371 960 de
391 907 470 960 rebus
486 907 583 962 Caesar
600 906 635 958 ab
651 906 744 958 Crasso
763 905 858 959 certior
876 905 972 974 iactus,
985 906 1057 974 quod
1126 927 1127 972 }

138 977 146 1028 i
166 993 194 1028 se
207 977 298 1030 aberat
311 975 427 1044 longius,
433 993 516 1028 naves
528 974 633 1029 interim
646 974 890 1042 longas¹aedifieari
902 975 930 1028 in
942 973 1057 1029 flumine
1126 983 1127 988 ’

160 1046 328 1116 igere,’quod
338 1045 426 1100 inlinit
437 1045 463 1098 in
473 1047 617 1113 Oceanum,
628 1043 743 1113 remiges
751 1063 786 1099 ex
814 1043 931 1098 maincia
941 1044 1055 1115 institui,

138 1125 233 1168 nautas
244 1117 487 1184 gubernatoresque
500 1113 647 1184 comparari
657 1113 742 1183 jubet.
803 1114 827 1168 is
839 1113 920 1167 rebus
932 1113 1057 1168 celeriter

137 1185 330 1239 administratis
349 1187 413 1255 ipse,
427 1202 489 1238 cnm
508 1184 626 1254 primum
643 1200 690 1254 per
707 1183 770 1250 anni
787 1191 895 1254 tempus
913 1185 1007 1253 potuit,
1021 1184 1057 1238 ad

138 1255 284 1310 exercitum
293 1254 436 1308 contendit.
455 1253 552 1308 Veneti
563 1253 732 1323 reliquaeque
742 1253 808 1307 item
817 1253 940 1306 civitates
948 1254 1057 1322 cognito

138 1325 260 1378 Caesaris
275 1325 392 1378 adventu
408 1324 534 1377 certiores
550 1322 632 1390 iacti,⁸
649 1323 728 1376 simul
744 1324 815 1392 quod
830 1333 961 1392 quantum
980 1326 1007 1378 in
1026 1328 1057 1377 'se

138 1393 241 1448 lacinus
263 1394 444 1464 admisissent,
464 1391 655 1462 intelligebant,
675 1393 784 1461 legatos,
804 1392 874 1463 quod
898 1409 997 1446 nomen
1021 1393 1057 1447 ad

125 1481 231 1520 ,omnes
248 1465 369 1518 nationes
386 1472 508 1518 sanctum
533 1461 744 1531 inviolatumque
769 1479 875 1542 semper
892 1461 997 1532 fuisset,
1016 1479 1057 1516 re·

101 1543 104 1548 “
138 1543 224 1588 tentos
240 1553 256 1588 a
271 1551 300 1587 se
316 1542 342 1586 et
359 1535 385 1586 in
400 1533 506 1586 vincula
522 1531 664 1602 conjectos,
696 1549 722 1584 ro
742 1531 925 1600 magnitudine
944 1532 1058 1601 periculi
1126 1587 1127 1598 ξ

137 1603 239 1658 bellum
252 1621 344 1674 parare
357 1613 384 1656 et
397 1603 513 1656 maxime
526 1618 566 1670 ea,
577 1617 669 1682 quaea
696 1618 775 1654 usum
790 1601 1055 1672 naviumpertineut,
1126 1641 1127 1656 2

137 1673 275 1795 providere
296 1674 450 1738 instituunt,¹
469 1671 518 1726 hoc
540 1686 639 1741 majore
663 1687 718 1742 spe,
737 1671 807 1742 quod
828 1670 943 1726 multum
962 1681 1059 1726 natura
1126 1675 1127 1704 ³

147 1745 188 1796 oci
207 1743 383 1796 confidebant.
420 1741 557 1794 Pedestria
580 1757 639 1794 esse
664 1742 758 1794 itinera
776 1742 880 1796 concisa
904 1742 1056 1812 aestuariis,
1126 1777 1127 1792 r

137 1814 333 1881 navigationem
353 1810 509 1879 impeditam
525 1819 629 1880 propter
644 1811 812 1866 inscientiam
830 1811 947 1865 locorum
965 1813 1059 1881 pauci·
1126 1839 1127 1850 π

138 1891 274 1950 tatemque
293 1890 416 1949 portuum
435 1879 561 1948 sciebant,
575 1897 662 1950 neque
680 1894 782 1934 nostros
799 1881 932 1952 exercitus
951 1891 1059 1952 propter
1126 1899 1127 1950 j

138 1950 264 2004 frumenti
283 1951 396 2020 inopiam
415 1949 516 2002 diutius
534 1949 605 2018 apud
624 1968 652 2003 se
671 1952 766 2003 morari
785 1967 862 2020 posse
872 1951 1057 2019 confidebant,
1126 1981 1127 1988 κ

138 2037 170 2072 ac
180 2019 235 2089 jam
251 2022 286 2072 ut⁴
298 2020 387 2072 omnia
401 2028 491 2072 contra
507 2019 656 2088 opinionem
672 2019 832 2088 acciderent,
847 2029 936 2073 tamen
954 2037 983 2074 se
999 2019 1059 2090 plu·
1126 2069 1127 2088 ,

138 2089 234 2142 timum
244 2089 357 2142 navibus
366 2104 451 2158 posse,
461 2089 593 2142 Romanos
603 2106 689 2158 neque
698 2089 781 2142 ullam
791 2089 947 2143 facultatem
956 2090 1060 2144 habere
1126 2105 1127 2116 ¹

138 2159 247 2212 navium
259 2175 347 2228 neque
356 2175 446 2213 eorum
457 2158 580 2226 locorum,
592 2159 637 2211 ubi
647 2158 746 2212 bellurn
759 2162 858 2228 gesturi
868 2169 968 2230 essent,
977 2159 1059 2230 vada,

78 2281 84 2301 ,
108 2243 111 2250 ·
138 2237 234 2299 portus,
249 2229 348 2282 insulas
365 2230 486 2296 novisse;
503 2245 536 2281 ac
556 2227 631 2296 longe
649 2226 731 2282 aliam
745 2245 805 2280 esse
818 2229 1014 2296 navigationem
1029 2231 1059 2284 iu
1126 2295 1127 2298 Ἴ

138 2298 262 2352 concluso
280 2298 346 2352 mari
363 2307 443 2367 atque
461 2298 487 2350 in
505 2297 655 2350 vastissimo
674 2306 755 2366 atque
773 2299 939 2368 apertissimo
950 2300 1059 2363 Oceano

138 2367 341 2439 perspiciebant.
372 2365 1060 2438 Hisinitisconsiliisoppidamuniunt,immentaex
1126 2369 1127 2386 ³

138 2439 208 2508 agris
219 2438 244 2490 in
257 2438 353 2509 oppida
366 2446 536 2506 comportant,
550 2453 632 2489 naves
644 2437 670 2488 in
682 2437 843 2506 Venetiam,⁵
854 2437 900 2490 ubi
913 2438 1060 2494 Caesarem
1126 2457 1127 2506 ζ

137 2509 254 2580 primum
278 2525 337 2560 esse
363 2507 463 2560 bellum
486 2515 624 2576 gesturum
649 2506 795 2574 constabat,
819 2523 900 2575 quam
924 2507 1058 2576 plurimas
1126 2507 1127 2524 ¹

137 2587 254 2648 possunt,
268 2587 373 2644 cogunt.
409 2575 498 2630 Socios
510 2575 561 2628 sibi
573 2575 606 2628 ad
621 2575 646 2629 id
660 2575 763 2629 bellum
775 2576 901 2646 Osismos,
915 2577 1058 2648 Lexovius,

136 2683 1056 2707 ——————-—·——-—-—-—-——-———

166 2749 264 2798 ιΝαυεε
275 2751 360 2811 longae
374 2763 414 2796 are
431 2745 498 2807 ships
509 2747 537 2795 oi
548 2763 607 2804 war,
621 2763 648 2796 as
658 2744 837 2807 distinguished
852 2745 915 2794 from
930 2746 973 2795 the
989 2761 1058 2796 mors

137 2809 214 2869 hulky
225 2817 368 2868 transporta
382 2823 409 2856 or
420 2824 492 2855 noces
503 2809 635 2856 onerariae.
941 2823 946 2836 ·

165 2897 240 2946 l'I'he
252 2896 315 2944 river
326 2895 400 2955 Liger
410 2895 432 2942 is
442 2895 484 2943 the
496 2894 597 2942 modern
608 2894 688 2942 Loire.

165 2987 174 3016 ³
186 2983 372 3043 Certioressocti
379 2998 389 3038 ,·
408 2981 459 3029 that
471 2982 500 3038 is,
514 2981 603 3088 having
618 2980 715 3030 learned
727 2983 760 3041 by
771 2980 812 3028 the
824 2979 911 3029 arrival
923 2979 952 3028 of
965 2979 1058 3028 Caesar

138 3043 202 3092 what
219 3043 277 3102 they
289 3041 336 3089 had
352 3051 377 3089 to
392 3051 495 3099 expect3
512 3056 583 3088 name
595 3057 618 3100 y,
631 3041 683 3088 that
699 3040 759 3100 they
769 3039 851 3088 would
867 3039 929 3087 have
945 3049 971 3088 to
986 3053 1058 3100 carry

137 3118 168 3151 on
179 3103 220 3150 the
231 3117 290 3158 war,
303 3110 344 3148 not
356 3099 450 3161 against
463 3099 576 3156 Crassus,
590 3101 632 3148 hut
644 3100 738 3162 against
749 3099 843 3147 Caesar
853 3097 959 3146 himself.
1126 3113 1127 3126 ¹

166 3191 176 3219 ⁴
189 3189 220 3238 Ut
232 3189 298 3244 here,
313 3204 339 3236 as
356 3188 379 3236 in
396 3203 470 3248 many
480 3187 550 3236 other
565 3203 690 3248 passages,
703 3185 822 3248 significa,
838 3169 966 3248 ‘grautiug
981 3185 1055 3242 that,’
1126 3163 1127 3182 Χ

61 3274 64 3283 -
138 3263 165 3296 or
179 3248 326 3308 ‘supposing
337 3247 406 3294 that!

168 3335 177 3362 ⁵
191 3332 290 3383 Venetia
298 3334 388 3384 hereis
399 3343 439 3384 not
451 3349 466 3384 a
476 3343 551 3393 town,
563 3335 608 3384 hut
617 3332 659 3383 the
671 3343 773 3394 country
784 3333 812 3382 oi
819 3333 860 3383 the
872 3333 971 3383 Veneti.
