2296 3796
49 91 53 98 ·
80 69 97 134 1⁵
119 78 134 129 θ
158 13 332 146 huetii.-

471 307 564 350 maa
583 305 605 349 1.
959 287 1000 350 27

78 417 256 472 conveniant:
276 416 299 470 is
316 417 376 471 dies
395 425 452 471 erat
469 434 494 472 a.
512 417 539 472 d.
551 433 578 471 v.
596 415 655 472 Kal.
668 413 775 489 Aprilis,
794 416 824 469 L.
843 415 945 488 Pisone,
964 419 998 472 A.

77 487 192 542 Gabinio
205 487 376 542 consulibue.¹

111 562 139 610 7.
158 557 266 610 Caesari
275 574 358 627 quum
366 557 393 610 id
403 557 553 611 nuntiatum
565 563 645 623 esset,
655 573 701 610 ecs
711 573 759 628 per
767 557 930 626 provinciam
941 573 999 610 nos·

77 635 147 681 tram
165 627 216 680 iter
233 627 322 679 fecere
340 627 436 697 conari,
455 633 571 680 maturat
588 627 624 680 ab
642 627 707 680 urbe
724 627 855 707 proficisci
873 636 899 678 ct
917 643 1000 697 quern

75 697 207 752 maximis
218 705 305 766 potest
317 697 456 751 itineribus
473 697 501 750 in
519 695 635 750 Galliam
652 695 805 749 ulterrorem
824 698 960 751 contendit
972 705 1000 750 et

75 765 271 820 adGcnevam¹
281 767 410 835 pervenit.
440 767 595 820 Provinciae
605 765 650 819 toti
659 781 741 846 quern
755 767 903 821 maximum
913 773 1000 836 potest

75 835 196 890 militum
214 853 357 890 numerum
375 837 498 906 imperat⁸
515 836 583 905 (eret
601 851 708 888 omnmo
727 837 755 888 in
772 835 860 889 Gellia
877 837 999 889 ulteriore

76 904 148 974 legio
159 905 228 976 une)
241 913 354 974 pontem,
364 906 410 974 qui
423 913 478 958 erat
487 905 521 957 ad
531 905 688 974 Geuevem,⁴
698 903 774 974 jubet
787 907 909 958 rescindi.
945 905 999 960 Ubi

76 973 111 1028 de
124 973 187 1044 ejus
204 973 321 1027 adventu
333 975 451 1028 Helvetii
468 974 594 1027 certiores
611 973 674 1026 sacti
687 983 755 1045 sunt,
769 975 870 1044 legatos
887 975 998 1028 adeum

75 1043 188 1097 mittunt
211 1043 390 1096 nobilissimos
413 1045 533 1113 civitatis,
555 1044 633 1114 eujus
654 1043 797 1112 legationis
816 1046 948 1098 Nemeius
971 1051 999 1097 et

75 1113 257 1167 Verucloetius
266 1113 413 1183 prinoipem
423 1114 510 1166 locum
520 1112 682 1184 obtinebant,
693 1115 739 1184 qui
749 1115 867 1169 dicerent
878 1114 928 1168 sibi
939 1129 999 1167 esse

76 1183 102 1236 iu
115 1183 207 1236 a'nimo
226 1183 284 1235 sine
301 1182 354 1236 ullo
366 1183 499 1236 maleficio
514 1183 563 1236 iter
574 1199 622 1252 per
633 1185 796 1253 provinciam
814 1183 910 1254 lacere,
923 1201 999 1255 prop·

10 1274 14 1282 ·
75 1260 152 1305 terea
183 1251 236 1304 uod
248 1252 320 1304 eliud
333 1253 383 1305 iter
394 1251 522 1313 haberent
534 1253 652 1306 nullum:
672 1257 782 1323 rogare,⁵
795 1263 824 1306 ut
837 1253 896 1324 ejus
910 1253 999 1306 volun·

76 1329 133 1374 tate
157 1269 187 1374 iil
206 1321 256 1375 sibi
280 1321 369 1374 secere
389 1321 478 1375 liceat.
522 1322 627 1402 Caesar,
647 1323 718 1391 quod
738 1324 867 1376 memoria
891 1323 999 1376 tenebat

75 1391 107 1450 L.
118 1391 243 1444 Cassium
255 1393 393 1444 consulem
406 1391 525 1444 occisum
537 1400 739 1460 exercitumque
752 1391 811 1462 ejus
822 1392 857 1444 ab
870 1392 1000 1446 Helvetiis

75 1459 189 1532 pulsum
208 1470 235 1514 et
254 1461 305 1514 sub
324 1459 419 1530 jugum
437 1461 569 1532 missum·
585 1461 788 1514 concedendum
809 1478 860 1514 non
880 1461 998 1533 putabet,

75 1547 167 1600 neque
186 1529 309 1584 homines
324 1531 432 1583 inimico
451 1532 539 1584 animo
559 1531 622 1584 deta
633 1529 759 1584 feertltate
778 1548 824 1600 per
836 1531 999 1600 provinciam

76 1599 182 1654 itineris
194 1599 311 1653 faciundi
321 1601 564 1668 temperaturos⁷eb
575 1600 670 1670 injurie
679 1609 706 1653 et
719 1599 851 1654 maleficio
864 1601 999 1654 existime-

75 1668 140 1722 bat:
160 1678 260 1738 temen,
274 1680 303 1722 ut
315 1670 433 1740 spetiem
445 1669 610 1724 intercedere
622 1673 729 1741 posset,⁸
740 1671 804 1723 dum
818 1669 923 1740 milites,
933 1685 1000 1740 quoe

74 1738 265 1810 imperaverat,
275 1739 453 1810 convenirent,
464 1739 559 1808 legatis
570 1740 704 1810 respondit
715 1740 798 1794 diem⁹
810 1757 838 1793 se
851 1739 885 1794 ed
897 1739 999 1793 delibe-

76 1808 193 1862 randum
211 1819 396 1880 sumpturum:
416 1808 439 1862 si
455 1809 520 1879 quid
532 1810 640 1881 vellent,
656 1810 691 1864 ed
708 1810 773 1864 Idus
785 1809 901 1881 Aprilis¹⁰
912 1825 998 1864 rever·

77 1887 207 1932 terentur.

112 1951 139 2001 8.
158 1947 264 2002 Interea
282 1965 316 2000 ee
333 1937 445 2019 legione,
457 1965 538 2018 quem
558 1965 651 2002 secum
669 1947 793 2019 habebat,
807 1949 997 2020 militibusque,

96 2017 123 2070 ui
142 2034 179 2071 er
195 2018 330 2087 provincie
341 2028 526 2088 converrerent,
540 2035 556 2070 e
568 2018 628 2072 lecu
640 2019 783 2090 Lemanno,
797 2020 843 2090 qui
859 2019 885 2072 in
898 2021 999 2073 flumen

75 2035 239 2150 Rhodanum
258 2087 371 2158 influit,¹¹
382 2087 416 2142 ad
432 2097 550 2142 montem
562 2088 662 2158 Jurarn,
675 2089 721 2158 qui
733 2089 800 2142 fines
818 2089 999 2160 Sequanorum

106 2227 194 2276 ¹That
211 2228 241 2284 is,
255 2227 296 2276 the
312 2229 370 2278 27th
385 2228 414 2276 ol
426 2228 511 2277 March
523 2244 546 2276 a.
556 2243 576 2276 c.
588 2231 627 2285 56,
640 2211 682 2277 the
698 2245 756 2290 year
771 2230 796 2278 in
811 2229 891 2278 which
908 2229 1000 2278 Cesset
1062 2206 1065 2210 ¹

76 2287 175 2338 arrived
186 2288 211 2338 in
222 2287 296 2345 Gaul,
309 2289 334 2336 in
344 2288 386 2337 the
397 2288 464 2348 early
474 2295 527 2348 pert
537 2288 566 2336 ol
572 2288 652 2348 April.

105 2362 169 2410 ’Ae
176 2361 295 2411 Genavam
301 2379 312 2419 ,·
325 2362 377 2410 thet
386 2362 416 2419 ia,
427 2362 452 2410 in
461 2361 504 2410 the
515 2349 713 2424 neighbourhood
723 2361 751 2410 of
759 2361 874 2420 Genere3
886 2365 919 2410 cd
925 2361 1000 2424 being

75 2422 136 2472 here
147 2421 191 2470 the
202 2437 270 2470 seme
281 2435 308 2470 se
318 2423 390 2483 opud.
1008 2435 1009 2440 ¹

105 2497 271 2547 'Provincias
280 2496 386 2564 imperet,
396 2494 427 2563 he
439 2492 579 2558 commende
590 2493 631 2542 the
642 2494 754 2555 province
763 2503 788 2542 to
796 2493 889 2542 furnich
897 2509 925 2542 es
933 2491 999 2556 large

76 2570 91 2605 a
101 2559 209 2612 number
218 2555 247 2603 os
254 2554 356 2603 soldiers
367 2569 394 2602 es
405 2563 423 2602 rt
435 2553 507 2602 could
517 2563 618 2603 muster.
966 2567 967 2570 ’

105 2631 195 2680 ‘Thet
206 2629 236 2686 ie,
250 2642 332 2676 across
343 2627 384 2675 the
395 2626 459 2675 river
470 2625 605 2676 Rhodanus
615 2641 643 2676 or
654 2625 750 2676 Rhene.

106 2704 231 2767 ⁸Rogare¹
244 2701 351 2761 namsly,
364 2717 396 2749 se.

106 2779 192 2829 'This
202 2775 250 2824 had
261 2775 387 2835 happened
398 2775 422 2822 in
434 2788 458 2822 a.
468 2788 489 2822 c.
503 2777 553 2823 107.
585 2773 632 2822 See
644 2772 716 2835 Livy,
729 2772 796 2837 szit.
805 2774 845 2823 leh.
856 2775 895 2822 65.

107 2849 195 2899 'ruat
206 2846 265 2907 they
277 2845 359 2894 would
369 2847 398 2894 be
410 2855 553 2906 temperate,
566 2845 613 2894 end
623 2845 719 2895 ebetain
728 2845 799 2903 from,
813 2846 861 2894 doc.

107 2920 247 2981 'Namely,
260 2921 373 2968 between
389 2918 431 2966 the
446 2927 544 2988 present
559 2928 677 2976 moment,
689 2917 736 2968 end
751 2919 794 2967 the
810 2919 869 2968 time
880 2917 953 2966 when
967 2916 998 2967 be

24 2999 37 3010 ⁵
77 2991 163 3033 meant
174 2989 200 3029 to
211 2978 294 3028 ettaclr
305 2976 346 3026 the
358 2977 474 3026 Helvetii.

108 3053 198 3110 Ῥω,
210 3052 269 3102 here
285 3051 345 3100 time
361 3051 387 3102 in
401 3051 508 3112 general,
521 3050 569 3104 aad
582 3051 716 3112 feminin03
734 3049 806 3102 when
820 3052 839 3100 it
851 3049 958 3112 significa
971 3055 999 3100 ‘a

77 3110 149 3178 day,'
160 3112 212 3162 itis
223 3111 364 3162 masculine.

109 3191 128 3220 ¹⁰
137 3186 207 3236 'rhet
222 3185 253 3243 is,
265 3200 298 3233 on
313 3183 467 3233 the.13thof
478 3184 556 3244 April.
587 3185 626 3246 By
636 3201 660 3235 ee
669 3187 727 3248 quid
740 3187 826 3236 odient
839 3183 931 3234 Caesar
944 3199 998 3246 pre-

79 3246 154 3298 tends
164 3254 208 3294 not
219 3254 245 3293 to
252 3243 328 3292 hnow
339 3244 409 3293 what·
416 3243 476 3306 they
487 3259 551 3292 were
562 3245 643 3294 about.
714 3275 716 3278 -

110 3323 129 3352 ¹¹
139 3317 191 3368 We
198 3317 229 3368 do
237 3326 280 3367 not
290 3333 334 3378 eay
342 3317 395 3366 thet
404 3318 481 3366 elake
490 3317 595 3379 through
602 3317 683 3366 which
692 3317 859 3376 ariverflows,
867 3316 938 3368 flows
948 3318 1000 3368 into

79 3379 125 3433 ebe
135 3379 210 3436 river,
219 3380 264 3428 but
272 3377 324 3428 that
333 3378 374 3427 the
382 3378 446 3427 river
452 3377 524 3427 flows
530 3377 581 3426 into
589 3376 630 3426 the
639 3376 703 3427 lake.
717 3377 774 3430 ¹Bet
784 3377 876 3428 Caesar
883 3393 965 3429 seems
972 3385 999 3427 to
