2296 3796
455 307 546 352 tmen
565 309 587 352 r.
944 289 986 350 ta

60 421 150 492 vigilia
170 429 261 480 castra
281 433 421 488 motarum,
441 428 469 473 ut
487 419 699 490 quamprimum
720 415 868 489 intelligere
886 426 975 490 posset

60 502 149 546 utrum
162 491 237 562 apud
247 507 293 543 eos
305 490 388 559 pudor
399 499 480 560 etque
492 490 620 560 officium,
631 509 664 542 an
678 491 758 544 timor
766 491 876 543 valeret.
908 457 985 548 Quod

60 563 82 614 si
91 569 235 631 praeterea
247 577 327 612 nemo
335 577 363 612 sc
383 569 468 629 uetur,
478 568 569 612 umen
579 577 608 612 se
621 577 683 614 cum
697 559 753 612 sola
764 559 872 614 decima
881 559 987 628 legione

61 632 169 700 iturum,
184 629 220 683 de
232 647 286 699 qus
304 647 353 682 nou
364 577 510 698 dubitaret,
524 629 628 700 sibique
646 647 708 683 estu
720 631 878 699 praetoriam
896 629 988 683 colror·

61 703 127 754 tem¹
139 701 269 754 suturam.
306 699 375 752 Huic
386 700 482 768 legioni
494 699 593 752 Caesar
604 709 631 753 et
644 698 789 753 indulserat
803 700 947 770 praecipue
959 708 987 753 et

61 779 171 841 propter
179 771 308 822 virtatem
321 769 471 822 confidebat
483 769 611 822 maxime.

95 847 140 894 tr.
160 841 220 892 Hac
237 839 354 892 oratione
372 838 463 892 habits
480 841 577 892 mirum
597 840 624 892 in
642 838 751 892 modum
769 855 915 892 conversae
927 847 987 894 suut

61 911 185 964 omnium
195 917 308 977 mantes,
319 925 478 978 summaque
487 909 611 962 slacritas
623 918 650 962 et
659 909 792 978 cupiditas
803 908 988 978 belligerandi

63 982 156 1033 innata
168 988 227 1047 est3
244 980 421 1100 princepsque
438 977 546 1032 decima
557 978 627 1048 legio
640 995 687 1048 per
699 978 817 1032 tribunes
834 977 951 1032 militum
964 979 989 1032 ei

62 1047 165 1119 gratias
178 1049 240 1118 egit,
249 1047 318 1118 quod
349 1063 407 1102 esa
418 1049 549 1118 optimum
561 1049 693 1120 judie-ium
705 1048 915 1118 [solemnesque
928 1065 990 1104 esse

62 1120 97 1172 ad
110 1119 217 1172 bellum
231 1116 378 1186 gerendum
390 1119 587 1188 paratissimam
605 1118 779 1172 confirmavit.
815 1117 918 1172 Deinde
931 1118 990 1173 reli·

63 1203 136 1260 quae
157 1188 279 1256 legiones
301 1203 363 1240 cum
388 1188 499 1242 tribunis
519 1189 635 1242 rnilitum
655 1198 683 1242 et
703 1188 848 1258 primorum
868 1189 993 1244 ordinum

63 1257 266 1312 centurionibus
280 1258 459 1326 egerunt‚'uti
472 1258 579 1312 Caesari
597 1259 797 1312 satisfacerent:
817 1275 846 1311 se
864 1275 915 1312 nec
932 1275 993 1313 um-

64 1343 150 1398 quam
163 1326 301 1380 dubitasse
313 1342 401 1396 neque
420 1327 541 1381 timuisse
559 1343 648 1397 neque
660 1329 696 1382 de
707 1344 814 1381 summa
826 1328 901 1382 belli'
912 1345 994 1384 saum

62 1396 206 1467 judicium,
220 1395 266 1449 sed
281 1397 444 1478 imperatoris
453 1397 724 1451 esssexistirnavisse.
765 1398 864 1450 Eorum
873 1399 992 1453 setisloo·

65 1468 139 1520 tione
151 1475 264 1536 accepts
275 1476 303 1518 et
314 1465 410 1519 ttinere
418 1467 551 1537 exquisito
564 1483 611 1536 per
623 1468 793 1537 Divitiacum,
803 1468 874 1536 quod
888 1485 922 1521 ex
934 1470 994 1523 aliis

65 1539 91 1590 si
105 1537 254 1590 maximam
262 1535 345 1590 fidem
354 1534 479 1606 habebat,
493 1537 532 1588 ut⁴
543 1535 650 1590 milium
667 1538 783 1607 amphus
801 1537 993 1606 quinquaginta

65 1607 183 1661 circuitu
203 1605 269 1658 locis
285 1606 383 1676 apertis
400 1607 549 1660 exercitum
567 1607 685 1678 duceret,
698 1607 733 1661 de
745 1615 838 1678 quarta
851 1605 948 1680 vigilia,
962 1615 993 1662 ut

66 1677 181 1746 dixerat,
195 1674 329 1748 profectus
348 1684 398 1728 est.
434 1675 553 1746 Septimo
570 1677 623 1746 die,
643 1695 705 1731 cum
725 1677 774 1730 iter
793 1695 844 1730 non
865 1677 992 1730 intermit-

67 1755 145 1816 teret,
164 1746 200 1800 ab
218 1743 427 1816 exploratoribus
446 1747 541 1800 certior
560 1746 647 1800 lactas
665 1757 706 1802 est
717 1747 849 1802 ¹Ariovisti
869 1747 960 1820 copias
976 1765 995 1801 a

67 1815 288 1874 nostrismilibos
334 1831 427 1868 ssumn
440 1833 479 1870 ru.
493 1825 519 1868 et
535 1833 580 1870 11.
593 1817 698 1871 abesse.

103 1889 149 1938 tt.
168 1885 279 1954 Cognito
337 1886 420 1938 esaris
441 1885 560 1939 adventu
580 1887 729 1941 Ariovistus
752 1886 855 1956 legatos
875 1887 909 1941 ad
929 1903 998 1944 eum

69 1954 259 2024 mittit:·qnod
279 1963 358 2007 antes
377 1954 412 2007 ds
431 1955 562 2026 colloquio
581 1957 750 2030 postulasset,
774 1957 800 2010 id
821 1975 869 2028 per
877 1975 916 2028 xse
936 1958 994 2012 fieri

69 2026 154 2096 liceri,
176 2025 304 2096 quoniam
323 2025 432 2094 propius
450 2027 625 2097 accessissem
651 2043 735 2097 seque
755 2027 780 2080 id
800 2028 858 2080 sinc
877 2029 999 2098 periculo

69 2095 166 2148 lacere
182 2111 263 2165 posse
282 2094 445 2147 existimare.
487 2096 548 2149 Non
568 2097 668 2166 respuit
688 2097 866 2151 conditionem
887 2099 985 2151 Caesar

70 2165 184 2236 jamque
202 2180 266 2218 sum
282 2163 318 2216 ad
331 2163 478 2218 sanitatem
497 2167 592 2218 reverti
612 2166 794 2235 arbitrabatur,
808 2185 870 2220 cum
883 2167 959 2240 id‚qu

70 2244 154 2288 antea
174 2235 275 2306 petenti
295 2233 462 2304 denegasset,
484 2235 552 2288 ultro
572 2234 748 2307 polliceretur,
767 2255 949 2308 magnamque
967 2239 995 2292 in

71 2319 152 2430 ἓίζιη
163 2303 288 2357 veniebat
298 2320 346 2374 pro
359 2303 414 2356 suis
426 2304 507 2358 tentis
518 2305 661 2426 pospuliqus
673 2307 785 2360 Romani
798 2307 825 2360 in
837 2323 901 2361 eum
914 2307 996 2361 bene·

110 2376 150 2444 ”7
171 2373 283 2442 cognitis
302 2375 358 2426 suis
377 2373 521 2444 postulatis,
554 2391 599 2427 ors
619 2377 658 2428 uti
677 2377 823 2445 pertinacia
846 2377 996 2431 desisteret.

72 2446 140 2502 Dies
149 2444 281 2512 colloquio
289 2443 377 2496 dictus
385 2452 434 2512 est,
444 2461 477 2498 ex
487 2445 571 2496 eodie
580 2445 697 2514 quintus.
716 2446 826 2502 interim
838 2446 996 2516 saepoultro

72 2515 194 2584 citroque
212 2531 276 2566 cum
293 2513 373 2581 legati
393 2513 524 2567 intereos
541 2516 716 2585 mitterentur,
736 2515 886 2570 Ariovistus
906 2523 995 2586 postu·

73 2585 146 2652 lavit,
156 2601 190 2637 ue
199 2601 280 2654 quem
286 2583 408 2706 peditem
417 2582 451 2636 ad
460 2584 620 2654 colloquium
631 2585 728 2638 Caesar
736 2583 897 2638 adduceret:
910 2585 996 2638 vereri

74 2669 112 2724 se,
125 2671 163 2708 ne
173 2669 222 2726 per
233 2653 285 2706 insi
302 2653 344 2706 *ias
361 2653 396 2706 ab
407 2669 440 2706 eo
452 2654 702 2711 circumveniretur:
722 2663 835 2726 uterque
846 2669 909 2710 cunr
921 2655 995 2725 equi-

104 2850 112 2878 ¹
124 2847 181 2896 The
191 2847 311 2910 praetorio
321 2848 399 2894 colors
410 2844 485 2894 istlte
495 2843 577 2894 calm
587 2843 617 2894 ol
627 2844 671 2894 tlte
680 2854 776 2905 praetor
786 2859 814 2894 or
823 2843 979 2894 sommendat
986 2859 999 2901 ς,

74 2909 128 2958 that
140 2907 169 2965 ir,
183 2906 222 2954 his
233 2904 393 2969 body-guard.

103 2981 191 3030 'That
202 2980 232 3036 is,
245 2977 305 3038 they
315 2977 363 3028 had
373 2995 388 3028 s
397 2976 576 3038 anserina-with
591 2977 774 3029 their-tribunos
789 2977 837 3030 aad
847 2977 998 3034 centurione..

74 3043 100 3090 in
110 3040 193 3090 which
204 3039 263 3099 they
274 3038 369 3086 desired
379 3037 456 3094 thern,
471 3035 519 3084 dcc.

103 3113 221 3164 *Summa
231 3111 294 3168 tert,
306 3111 349 3160 the
358 3109 458 3174 general
468 3117 639 3172 management
650 3109 679 3158 ol
690 3109 731 3159 the
742 3126 802 3162 war.

103 3191 111 3218 ⁴
122 3187 180 3236 The
191 3195 219 3234 ιιι
230 3186 251 3233 is
262 3184 398 3244 dependent
409 3199 474 3243 upon
485 3185 600 3245 aquuim
610 3185 704 3240 dinero
716 3183 754 3233 lor
762 3184 793 3234 hs
805 3183 852 3233 had
862 3194 915 3232 sent
927 3181 996 3234 Diri·⁴

74 3249 153 3296 tiacus
170 3256 197 3293 to
212 3244 262 3293 find
273 3253 314 3292 out
326 3260 340 3292 a
350 3243 406 3292 rosd
417 3245 450 3304 by
461 3243 541 3291 which
552 3243 582 3291 he
594 3242 671 3304 might
686 3244 757 3294 avoid
773 3245 814 3292 the
829 3243 931 3302 forestu
948 3244 998 3295 and

73 3309 164 3428 lifting]
166 3303 249 3414 11ῐεέἑιηίί
265 3303 316 3352 that
332 3303 363 3352 he
379 3313 444 3352 must
460 3302 533 3351 make
549 3319 564 3350 a
579 3302 739 3352 round-about
752 3319 805 3365 arsy
816 3303 844 3354 al
855 3319 920 3353 more
936 3303 996 3354 than

164 3442 179 3487 5
531 3437 546 3472 Ι
