2296 3796
154 285 195 354 tt
456 313 497 352 nu
518 309 616 352 suaso
636 309 771 352 ommno.

153 421 255 474 exirent
267 429 348 489 atque
361 419 423 474 inde
435 420 462 474 in
473 419 579 474 ltaliam
596 418 804 488 contenderent,¹
815 421 973 490 praesertim
986 437 1069 492 quum

153 491 289 560 Sequanos
300 507 317 542 a
325 490 459 560 provincia
468 498 555 543 nostra
563 488 867 559 Rhodanuetividerer,
880 492 980 560 quibus
992 493 1070 548 rebus

153 577 233 630 quarn
246 561 401 613 maturrime
413 560 606 614 ooourrendum
618 558 736 627 putabat.
773 561 833 640 lpse
850 570 942 614 autem
955 562 1070 616 Ariovis-

154 641 197 683 tus
220 638 306 682 tantos
329 629 379 683 sibi
403 629 517 705 spiritus,
538 637 640 684 tantam
663 640 840 698 arrogantiam
862 641 1022 702 sumpserat,
1043 641 1070 686 ut
1129 651 1130 682 ;

153 699 496 753 ferendusnonvideretur.
1129 699 1130 762 ζ

188 773 229 824 34.
248 769 428 828 Quamobrem
441 768 541 838 plsouit
553 768 586 837 ei,
599 776 629 820 ut
640 766 674 820 ad
687 766 850 822 Ariovistum
862 769 967 839 legatos
984 772 1070 826 mitte·
1129 783 1130 786 ’

154 837 786 908 ret,quiabeopostularent,utialiquemlooum
795 838 1071 910 mediumutriusque⁸
1129 837 1130 890 l

153 907 282 978 colloquio
301 908 419 962 dicaret:
438 908 509 961 velle
527 925 587 960 sese
599 907 633 960 de
646 924 674 960 re
686 907 794 986 publiea
805 918 832 960 et
844 909 959 960 summis
977 911 1070 964 utrius·
1129 927 1130 978 ς

153 995 206 1048 que
219 977 299 1032 ¹rebus
316 995 379 1030 eum
397 993 430 1030 eo
447 995 536 1046 agere.
573 977 605 1030 Ei
618 977 742 1045 legationi
754 977 902 1030 Ariovistus
920 981 1068 1048 respondit:
1129 993 1130 1032 ἵ

153 1048 250 1120 siquid
260 1048 308 1116 ipsi
321 1065 338 1100 a
346 1048 459 1100 Caesare
469 1063 536 1115 opus
547 1055 626 1115 esset,
636 1063 696 1100 sese
705 1045 739 1100 ad
750 1055 962 1100 eumventurum
972 1049 1068 1103 luisse:
1129 1049 1130 1094 l

153 1119 176 1171 si
188 1117 252 1188 quid
261 1116 305 1171 ille
318 1118 356 1170 se⁴
365 1116 436 1186 velit,
450 1116 713 1170 illumadsevenire
725 1124 853 1185 oportere.
890 1117 1070 1174 Praeterease

153 1203 241 1257 neque
254 1187 311 1240 sine
329 1187 447 1240 exercitu
459 1187 485 1240 in
498 1202 545 1238 eas
561 1193 651 1254 partes
662 1185 765 1239 Galliae
780 1186 869 1238 uenire
881 1187 989 1257 audere,
1005 1205 1070 1258 quas

153 1257 251 1311 Caesar
270 1255 425 1326 possideret,
447 1271 534 1326 neque
554 1256 701 1308 exereitum
723 1255 779 1308 siue
800 1273 896 1324 magno
916 1268 1069 1312 commeatu

152 1335 232 1397 atque
241 1325 547 1380 emolumentoinunum
556 1324 645 1378 locum
653 1323 807 1379 contrahere
815 1325 970 1394 posse5sibi
978 1336 1070 1382 autem
1129 1341 1130 1346 ’

153 1397 250 1450 mirum
271 1397 362 1466 videri,
383 1395 448 1465 quid
468 1396 494 1448 in
518 1394 673 1464 suaGallia,
694 1411 776 1463 quam
794 1394 865 1448 bello
885 1395 1005 1467 vicisset,
1025 1408 1069 1452 aut

152 1467 267 1530 Caesari,
280 1473 326 1520 aut
338 1467 444 1518 omuino
456 1464 553 1534 populo
565 1465 682 1518 Romano
694 1464 793 1533 negotii
805 1473 885 1518 esset.

187 1541 229 1590 35.
242 1537 291 1590 His
300 1536 432 1605 responsis
443 1535 477 1588 ad
487 1535 630 1588 Caesarem
644 1533 733 1586 relatis
745 1535 842 1588 iterum
854 1533 888 1587 ad
898 1551 963 1588 eunt
972 1536 1068 1591 Caesar

152 1607 254 1676 legatos
270 1623 333 1660 oum
352 1605 394 1658 his
411 1604 546 1658 mandatis
562 1603 658 1656 mittit:
677 1604 804 1683 quoniam
818 1613 889 1657 tanto
907 1620 956 1657 suo
968 1608 1067 1676 populi-
1129 1623 1130 1644 t

151 1693 205 1746 que
214 1677 325 1730 Romani
335 1675 465 1728 beneficio
477 1673 598 1742 affectus,
608 1690 672 1726 eum
684 1691 711 1726 m
722 1673 860 1726 consulatu
873 1691 920 1727 suo
928 1691 976 1727 rex
988 1685 1067 1748 atque
1129 1677 1130 1680 ’

151 1746 256 1799 amicus
266 1762 283 1797 a
295 1753 388 1797 senatu
400 1742 551 1814 appellatus
562 1751 641 1813 esset,
653 1742 722 1796 hano
734 1742 784 1797 sibi
792 1742 942 1814 populoque
950 1744 1067 1799 Romano
1129 1753 1130 1788 ἒ

150 1817 262 1884 gratiam
276 1813 391 1880 referret,
406 1821 434 1865 ut
447 1813 473 1865 in
491 1811 557 1864 eollo
578 1812 652 1865 uium
664 1813 755 1866 venire
773 1811 901 1866 invitatus
915 1825 1067 1882 gravaretur
1129 1837 1130 1848 ¹

150 1901 238 1952 neque
250 1883 285 1935 de
297 1883 433 1935 communi
442 1899 470 1934 re
479 1829 623 1935 dicendum
635 1882 685 1935 sibi
694 1892 721 1936 et
729 1882 944 1952 cognoscendum
954 1893 1066 1956 putaret,
1129 1947 1130 1950 Ἴ

149 1953 218 2006 haee
230 1970 290 2006 esse
303 1969 373 2021 quae
385 1952 420 2005 ab
432 1967 464 2004 eo
476 1951 635 2020 postularet:
651 1951 775 2023 primum,
785 1969 819 2004 ne
828 1969 910 2032 quam
919 1954 1066 2009 multitudi·
1129 1991 1130 2014 ,

149 2039 213 2076 nem
224 2022 364 2076 hominurn
375 2021 491 2090 amplius
509 2031 582 2074 trans
590 2021 715 2075 Rhenum
728 2022 754 2076 in
770 2021 886 2075 Galliam
900 2023 1066 2096 traduceret5

149 2091 246 2144 deinde
258 2091 374 2161 obsides,
383 2107 450 2160 quos
462 2089 572 2144 haberet
583 2091 619 2144 ab
627 2091 737 2162 Aeduis,
748 2091 871 2144 redderet
883 2092 1066 2164 Sequanisque

184 2163 320 2230 rmitteret,
334 2169 363 2214 ut
375 2177 442 2230 quos
459 2160 496 2213 illi
510 2161 646 2229 haberent,
660 2159 794 2214 voluntate
813 2161 872 2231 ejus
884 2162 997 2216 reddere
1016 2165 1066 2218 illis

148 2177 255 2300 figerem
280 2247 348 2283 neve
366 2229 476 2283 Aeduos
493 2229 588 2300 injuria
606 2230 757 2311 laoesseret,
775 2246 845 2284 neve
868 2229 910 2284 his
934 2233 1066 2304 sociisque

147 2317 240 2354 eorum
264 2299 366 2360 bellum
386 2298 504 2353 inferret.
547 2300 573 2354 Si
593 2299 620 2352 id
641 2299 679 2352 ita
701 2299 818 2369 feorsset,
840 2301 891 2354 sibi
914 2303 1066 2374 populoque

146 2370 265 2424 Romano
275 2379 430 2440 perpetuam
440 2370 554 2438 gratiam
566 2377 648 2438 atque
660 2370 806 2424 amicitiam
818 2387 881 2423 ourn
893 2388 925 2424 eo
934 2371 1064 2426 suturam:

147 2441 169 2493 si
181 2457 232 2493 non
245 2441 404 2510 impetraret,
419 2455 486 2509 sese,
500 2440 626 2509 quoniam
639 2439 679 2492 M.
693 2438 820 2508 Messala,
834 2441 874 2494 Μ.
889 2441 985 2494 Pisone
1003 2459 1063 2496 eon·

147 2509 249 2564 sulibus
261 2519 369 2564 senatus
381 2510 538 2578 censuisset,
548 2508 595 2580 uti,
605 2509 760 2578 quicunque
772 2509 887 2564 Galliam
899 2511 1064 2580 provinciam

175 2689 248 2737 lThe
263 2705 314 2737 war
333 2690 428 2750 against
446 2690 488 2738 the
506 2689 600 2738 Cimbri
619 2690 665 2738 and
684 2689 794 2738 'Teutoni
811 2705 838 2738 or
854 2691 991 2748 Teutones,
1010 2693 1064 2741 who
1129 2695 1130 2700 ’

145 2750 243 2797 crossed
255 2749 296 2796 the
305 2748 377 2807 Alps,
387 2749 434 2796 and
446 2749 547 2797 invaded
559 2748 631 2808 Italy,
642 2751 722 2810 began
732 2750 756 2797 in
768 2765 791 2798 u.
802 2764 824 2798 c.
835 2754 885 2798 113.
918 2750 991 2812 They
1000 2767 1063 2800 were

145 2807 255 2856 defeated
267 2809 299 2866 by
311 2806 340 2854 Ο.
353 2807 447 2855 Marius
459 2808 483 2854 in
495 2823 518 2855 e.
527 2823 547 2854 o.
562 2812 604 2856 102
615 2809 661 2856 and
674 2813 724 2866 101,
733 2818 757 2858 at
769 2810 857 2868 Aquae
870 2809 969 2858 Sextiae
982 2810 1030 2860 aud
1040 2811 1064 2860 in

145 2868 186 2916 the
198 2867 285 2925 Campi
297 2866 393 2914 Raudii.
426 2865 546 2925 Compare
557 2867 581 2914 ii.
593 2870 617 2925 t,
629 2871 667 2916 29.

174 2955 247 3023 11118
265 2954 385 3022 Germane
402 2969 467 3022 were
487 2954 585 3014 already
601 2954 691 3003 settled
708 2955 733 3004 in
747 2956 789 3024 the
806 2965 909 3016 country
919 2955 948 3004 of
960 2955 1002 3005 the
1021 2956 1062 3005 Se·

145 3013 286 3134 qpppq,⁶and
302 3012 380 3074 might
397 3012 475 3074 easily
486 3027 553 3061 oross
569 3013 612 3062 the
629 3014 725 3072 Rhone,
737 3031 763 3064 as
775 3024 793 3062 rt
805 3031 856 3063 was
867 3015 985 3064 fordable.
1017 3015 1063 3066 See

173 3158 182 3186 ³
196 3157 326 3264 Utrimque
336 3171 357 3224 rs
368 3155 425 3224 here
437 3155 479 3206 the
490 3171 558 3207 same
568 3173 595 3207 as
606 3159 670 3207 inter
679 3167 822 3221 utrumqau
834 3159 941 3221 namely‚
952 3162 1065 3214 between
1129 3133 1130 3156 Χ

147 3213 238 3263 Caesar
248 3231 278 3262 an
306 3216 455 3265 Ariovistus.

175 3302 183 3329 ⁴
193 3299 218 3349 N
221 3300 309 3362 aurely,
315 3302 406 3363 furere.
