2272 3788
150 297 209 362 102
451 313 493 356 or
513 313 611 357 auum
630 313 767 356 eunuco.

147 435 257 480 centem
279 421 423 496 praefecit:
451 421 508 492 ipse
542 439 626 493 quum
648 430 830 476 maturescere
854 419 993 475 frumenta
1010 421 1076 474 inci·

147 502 250 566 pererit,
274 492 308 546 od
331 491 434 546 bellum
457 462 621 561 Ambiorigis
643 491 785 562 proiectus,
810 491 869 563 [per
887 489 1077 544 Arduennam¹

148 562 252 631 siloem,
267 577 337 630 quae
349 568 390 614 est
402 560 483 613 totius
494 559 599 612 Galliae
616 561 737 614 maximo
754 569 836 629 etque
854 559 969 628 abripis
986 554 1076 612 Rheni

147 631 300 700 finibusque
318 629 488 682 Trevirorum
505 628 539 682 ed
557 630 673 682 Nervios
690 631 805 700 pertinet
831 627 1001 696 milibusque
1018 624 1075 680 ‘am-

146 700 218 772 plius
229 699 381 769 quingentis
393 699 419 751 in
432 697 627 766 longitudinem
645 697 730 770 petet]
743 697 773 752 L:
786 668 941 750 bliuucium
952 696 1076 750 Basilum

147 768 295 822 cumomni
308 767 426 836 equitatu
440 767 593 836 praemittit,
605 766 707 836 siquid
725 767 862 820 celeritate
874 766 981 818 itineris
992 783 1011 818 a
1041 781 1075 818 ue

146 837 341 908 opportunitate
359 835 486 906 temporis
503 835 631 905 proficere
648 836 745 906 possit3
763 843 862 905 monet,
874 842 905 887 ut
924 773 1074 902 iguestnqeri

147 903 280 960 incastris
297 899 443 975 prohibeat,
457 921 491 957 ue
509 921 563 974 que
580 905 639 974 ejus
655 903 787 958 adventus
804 903 895 974 procul
912 903 1076 972 significatio

147 975 207 1029 fiet:
228 989 289 1027 sese
301 973 444 1026 confestim
455 973 583 1043 subsequi
595 973 668 1027 dicit.

182 1047 223 1095 30.
243 1040 353 1112 Basilus,
374 1051 403 1095 ut
425 1043 585 1112 imperatum
606 1051 654 1114 est,
676 1041 756 1111 locit3
775 1039 906 1094 celeriter
926 1048 1075 1111 contraque

146 1112 268 1165 omnium
289 1111 441 1180 opinionem
464 1111 585 1164 consecto
609 1111 711 1182 itinere,
730 1110 828 1164 multos
851 1111 878 1164 in
898 1109 975 1178 agris,
993 1111 1075 1182 inopi·

144 1189 242 1238 nautes
265 1178 442 1249 deprehendit
449 1195 457 1249 ;
482 1195 574 1232 eorum
599 1180 697 1234 indicio
713 1179 748 1232 ed
772 1179 861 1250 ipsum
884 1179 1075 1248 Ambiorigem

146 1248 290 1322 contendit,
304 1263 355 1320 quo
375 1250 400 1302 in
421 1247 479 1302 loco
498 1265 562 1316 cum
581 1246 821 1318 peucisequitibus
841 1263 902 1300 esse
921 1247 1073 1302 dicebatur.

146 1318 264 1374 Multum
322 1333 368 1370 um
389 1318 417 1370 in
434 1317 558 1370 omnibus
578 1317 665 1386 rebus,
686 1326 743 1370 tum
761 1317 789 1370 in
810 1333 838 1369 re
857 1317 967 1372 militari
987 1327 1074 1387 potest

146 1387 258 1440 fortune.
284 1334 368 1440 (llam
388 1386 460 1440 sicut
479 1401 577 1454 magno
597 1383 695 1439 accidit
719 1401 792 1456 casu,
814 1394 843 1438 ut
866 1386 899 1466 iu'
918 1386 1012 1455 ipsum
1037 1387 1074 1442 iu·

146 1453 258 1510 cautum
287 1465 368 1525 atque
398 1455 481 1509 etiem
509 1455 672 1536 imperatum
700 1453 836 1527 incideret,
861 1471 992 1524 priusque
1016 1455 1074 1526 ejus

145 1524 278 1580 adventus
299 1524 335 1578 ab
359 1523 513 1578 hominibus
536 1523 676 1593 videretur,
697 1539 779 1594 quern
798 1523 873 1576 farne
892 1531 939 1576 aut
958 1527 1073 1578 nuncius

145 1593 308 1648 edlerretur:
336 1594 376 1646 sic
399 1609 513 1662 magnae
533 1593 584 1646 suit
603 1592 731 1659 fortunae,
752 1593 826 1648 omni
845 1593 956 1645 militari
978 1593 1073 1647 instru-

145 1664 256 1734 mento,¹
267 1661 338 1732 quod
351 1662 452 1715 circum
465 1678 494 1716 se
507 1661 631 1730 habebat,
644 1670 743 1736 erepto,
754 1661 844 1714 rhedis
855 1662 989 1731 equisque
1002 1679 1072 1716 com·

145 1731 292 1802 prehensis,
307 1731 397 1800 ipsum
408 1730 527 1799 effugere
539 1731 672 1783 mortem.¹
706 1730 758 1784 Sed
777 1729 828 1783 hoc
845 1743 878 1782 eo
895 1729 1004 1784 fectum
1023 1739 1070 1800 est,

146 1800 216 1870 quod
233 1799 357 1853 aedificio
374 1799 537 1853 circumdato
555 1798 630 1869 silva,
644 1799 684 1870 (ut
703 1807 765 1852 runt
783 1799 839 1851 fere
857 1797 999 1852 domicilia
1010 1799 1071 1858 Gal·
1126 1845 1127 1854 ,

146 1868 240 1940 lorum,
253 1869 299 1939 qui
316 1866 417 1921 vitandi
434 1876 526 1921 aestus
544 1884 634 1938 causa,
647 1867 806 1938 plerumque
826 1866 956 1921 silvarum
971 1885 1007 1921 ac
1024 1869 1071 1923 flu·
1126 1859 1127 1876 ¹

145 1937 251 1990 minum
278 1944 375 2016 petunt
404 1936 627 2058 propinquitates)
651 1937 763 2008 comites
785 1936 989 2006 familiaresque
1014 1937 1071 2007 ejus
1125 1999 1126 2014 χ

145 2012 258 2073 augusto
277 2023 304 2057 in
322 2005 379 2057 loco
397 2005 542 2076 paulisper
558 2013 681 2074 equ1tum
698 2015 845 2059 nostrorum
863 1995 919 2058 vilo
938 2006 1070 2062 sustinue·
1125 2015 1126 2028 ¹

145 2082 215 2127 runt.
251 2074 301 2126 His
323 2073 510 2143 pugnantibus,
535 2074 610 2127 illum
641 2075 668 2127 in
697 2091 798 2128 eoum
821 2074 934 2144 quidam
957 2091 994 2130 ex
1018 2077 1071 2130 suis

145 2141 249 2195 intulit:
276 2142 429 2211 fugientem¹
449 2142 532 2196 silvae
556 2150 688 2196 texerunt.
744 2143 768 2196 ic
787 2151 814 2196 et
834 2143 869 2196 ed
889 2143 1071 2199 subeundnm‘

144 2210 294 2282 periculum
307 2220 334 2264 et
346 2211 382 2264 ad
394 2211 534 2266 vitandum
545 2211 661 2282 multum
675 2211 779 2266 fortuna
791 2212 883 2266 veluit.
1123 2267 1124 2274 ,

180 2284 222 2333 31.
241 2281 379 2334 Ambiorix
396 2281 488 2351 copias
502 2297 570 2334 suas
584 2279 720 2350 judicione
744 2297 796 2334 non
814 2281 980 2352 conduxerit,
1001 2283 1069 2354 quod
1123 2289 1124 2328 ἐ

139 2349 245 2420 proelio
263 2349 449 2403 dimicandum
468 2364 520 2402 non
538 2349 703 2419 existimarit,
716 2367 749 2404 uu
766 2357 886 2420 tempore
899 2350 1027 2406 exclusus
1044 2361 1069 2406 et

144 2419 281 2488 repentino
299 2419 421 2488 equitum
437 2418 555 2471 adventu
573 2417 728 2498 prohibitus,
741 2435 827 2488 quum
844 2419 979 2488 reliquum
997 2437 1065 2476 exer·

142 2487 228 2543 citum
240 2487 366 2558 subsequi
379 2486 507 2556 crederet,
517 2482 630 2540 dubium
643 2495 698 2540 est:
719 2487 767 2540 sed
780 2496 854 2541 certe
866 2487 938 2541 clam
951 2489 1070 2544 dimissis

142 2573 191 2627 per
201 2573 279 2627 agros
291 2556 404 2626 nunciis,
414 2554 465 2610 eibi
474 2571 614 2627 ‚quemque
626 2556 766 2610 consulere
776 2555 871 2626 jussit:
885 2573 1003 2628 quorum
1011 2575 1068 2629 pers

172 2723 180 2751 ¹
190 2719 239 2768 See
249 2735 273 2768 r.
285 2722 308 2776 3,
320 2721 353 2769 ri.
364 2722 401 2768 33.

172 2791 380 2840 'instrumentum
390 2792 457 2849 here,
470 2807 497 2840 ce
507 2791 583 2848 often,
596 2791 641 2840 hus
653 2807 667 2840 u
677 2791 805 2841 collective
816 2793 940 2854 meaning,
952 2793 1068 2857 denoting

144 2851 456 2969 gqqupqunperqthonfopecqt
470 2867 498 2950 eo
509 2852 561 2900 that
572 2851 591 2899 it
602 2851 623 2899 is
634 2850 676 2898 the
687 2867 755 2902 ramo
765 2865 793 2900 oe
803 2861 935 2938 oppumtoo
946 2855 1066 2904 militaria.

174 2980 274 3044 ’Ipsam
284 2982 386 3043 qfugere
397 2991 510 3039 nortem
529 2981 599 3030 thess
615 2982 697 3031 words
714 2983 848 3032 constitute
865 2982 907 3032 the
924 2985 1023 3034 sub’ect
1039 2985 1066 3034 ol

144 3039 187 3088 the
198 3040 290 3096 clause,
303 3039 350 3088 oud
365 3057 466 3103 magnae
475 3042 595 3109 fortunae
603 3041 659 3109 soit
675 3056 715 3089 are
732 3041 774 3089 the
791 3041 929 3102 predicate:
950 3049 974 3091 ‘t
994 3045 1065 3094 eoir-

144 3108 293 3216 ppppthqqe'
304 3097 333 3146 of
346 3099 385 3147 his
398 3099 547 3154 (Ambiorix)
565 3114 682 3160 eacepmg
698 3099 761 3148 alive
773 3115 824 3148 was
841 3117 856 3148 o
872 3101 941 3160 piece
958 3102 988 3150 of
1000 3114 1066 3164 great

174 3226 232 3272 *Aa
240 3229 387 3297 subeundum
397 3227 473 3277 resera
484 3237 510 3276 to
521 3229 564 3277 tlte
580 3227 690 3279 Romana
701 3229 896 3289 undernarius,
909 3233 967 3284 who
978 3235 1065 3297 aouglit

146 3280 188 3328 tlie
205 3297 308 3344 enemy3
325 3286 400 3334 while
417 3289 449 3334 od
465 3289 591 3336 citandum
606 3287 682 3338 refers
699 3299 726 3338 to
736 3290 878 3349 Ambiorix,
891 3293 949 3342 who
965 3295 1067 3356 escapod

478 3339 482 3346 ι

145 3336 208 3386 from
219 3339 282 3390 their
292 3344 445 3404 uuexpected
455 3343 547 3394 attack.
