2296 3796
483 319 574 364 umes
592 319 625 364 rr.
972 305 1013 368 66

94 429 364 499 bnsqneeonetitntis
376 428 559 498 magnitudine
574 445 592 481 o
639 445 694 498 um,
725 445 776 484 uae
794 445 882 504 nequa
895 429 1014 488 viderant

93 509 156 554 aute
170 501 243 566 Galli
255 516 344 568 neque
355 499 503 568 audierant,
517 509 544 552 et
555 516 587 551 ce
598 500 691 552 eritate
706 446 882 554 Bomanorum
901 503 1013 571 permoti

93 569 200 638 legatos
229 569 264 621 ad
293 569 435 622 Caesarem
459 568 493 621 de
516 568 651 625 deditione
680 570 788 623 mittunt
812 579 838 622 et
861 571 1016 641 petentibus

92 640 195 709 Remis,
209 650 240 693 ut
252 646 476 707 conservarentur,
488 638 639 708 impetrant.

132 714 173 762 1³.
193 711 292 762 Caesar
302 707 440 767 obsidibus
456 708 581 777 acceptis,
594 707 687 778 primis
703 707 816 762 civitatis
832 722 913 779 atque
931 709 1015 780 ipsius

93 779 201 832 Galbae
211 779 281 847 regis
292 777 397 831 duobos
407 776 477 846 filiis,
486 777 621 856 armisque
633 775 757 832 omnibus
766 795 800 830 ex
808 778 904 858 oppido
912 780 1015 834 traditis

93 850 120 901 in
134 847 304 901 deditionem
321 847 475 901 Suessiones
491 857 595 916 aeeeptt
607 847 809 916 exercitumque
822 865 847 900 m
860 847 1017 904 Bellovacos

93 917 179 970 ducit,
217 917 269 976 Qui
281 934 343 970 oum
355 933 386 969 se
397 931 499 984 suaque
511 917 600 970 omnia
612 916 639 970 in
651 916 780 986 oppidum
792 917 1015 990 Bratuspantium¹

94 987 375 1056 contulissent,·atque
386 985 421 1040 ab
433 1002 465 1038 eo
476 985 573 1055 oppido
585 987 682 1039 Caesar
694 1003 757 1040 eum
776 987 893 1040 exercitu
911 988 1016 1042 oiroiter

93 1055 173 1110 milia
184 1073 313 1126 passuum
320 1056 438 1126 quinque
449 1054 564 1126 abesset,
573 1071 667 1111 omnes
679 1055 793 1126 majores
804 1066 868 1111 natu
877 1075 910 1110 ex
918 1057 1016 1128 oppido

94 1126 200 1195 egressi
212 1143 309 1178 manus
320 1125 355 1178 ad
367 1125 510 1178 Caesarem
523 1124 632 1178 tendere
644 1134 671 1177 et
683 1142 749 1178 voce
761 1127 909 1195 significare
921 1144 1015 1198 coepe-

94 1204 159 1248 runt
177 1211 239 1248 sese
257 1194 283 1246 in
300 1194 360 1264 ejus
375 1194 458 1248 fidem
476 1211 509 1246 ae
528 1203 686 1264 potestatem
705 1196 796 1248 venire
820 1213 908 1264 oeque
926 1207 1016 1250 eontra

94 1264 228 1335 pupulum
240 1265 388 1318 Romanurn
400 1264 482 1316 armis
493 1264 662 1316 eontendere.
686 1265 762 1334 Item,
773 1283 834 1318 cum
844 1265 878 1318 ad
888 1265 1016 1337 oppidum

95 1335 258 1388 aueessisset
270 1343 409 1402 castraque
422 1333 458 1386 ibi
471 1342 587 1402 poneret,
600 1334 675 1402 pueri
690 1334 869 1402 mulieresque
889 1351 923 1389 ex
941 1353 1015 1390 muro

94 1404 186 1474 passis
198 1403 323 1456 menibus
334 1419 381 1456 suu
392 1419 466 1456 more
478 1419 572 1472 paoem
586 1403 620 1456 ab
632 1403 758 1456 Romanis
770 1403 911 1472 petierunt.

136 1479 177 1526 14.
196 1473 245 1526 Pro
263 1471 306 1524 his
322 1473 469 1525 Divitiaous
487 1473 560 1542 (uam
578 1481 637 1542 post
655 1472 805 1525 dissessum
823 1472 964 1542 Belgarum
977 1473 1015 1527 di·

96 1542 189 1596 missis
201 1541 354 1596 Aeduorum
366 1541 448 1612 copiis
459 1541 493 1594 ad
505 1559 568 1595 eum
582 1541 737 1610 reverterat)
748 1541 810 1594 iacit
820 1542 916 1595 verba:
930 1540 1015 1596 Bello·
1046 1535 1060 1548 ²

96 1628 181 1664 vaoos
196 1611 273 1664 «omni
288 1619 406 1680 tempore
426 1611 452 1664 iu
470 1610 524 1664 fide
543 1619 624 1681 atque
642 1611 759 1664 amioitia
778 1610 892 1664 civitatis
903 1611 1015 1665 Aeduae

96 1681 198 1734 fuisse:
217 1680 345 1750 impulsos
363 1679 399 1733 ab
418 1680 474 1732 suis
493 1680 662 1750 principibus,
674 1681 720 1750 qui
741 1679 859 1734 dicerent
872 1679 980 1734 Aeduos
998 1698 1016 1734 a

97 1751 214 1804 Caesare
227 1751 253 1803 in
269 1751 423 1804 servitutem
442 1749 563 1802 reduetus
580 1767 675 1804 ornnes
691 1747 861 1818 indignitates
880 1759 1015 1804 coutume-

97 1820 203 1888 l'uaeque
223 1819 348 1900 perferre,
363 1828 390 1872 et
409 1819 443 1872 ab
462 1819 564 1874 Aeduis
582 1819 715 1872 deseoisse
735 1828 763 1873 et
782 1835 815 1888 po
834 1819 878 1872 ulo
897 1819 1016 1874 Romano

96 1889 200 1942 bellum
221 1888 350 1942 intulisse.
387 1889 439 1948 Qui
458 1887 517 1958 ejus
536 1889 638 1942 oonsilii
657 1888 800 1959 principes²
842 1889 932 1959 issent,
945 1889 1014 1958 quod

97 1958 284 2028 intelligerent,
309 1967 437 2027 quantam
466 1957 647 2012 calamitatem
676 1959 775 2012 civitati
808 1957 963 2030 intulissent,
989 1960 1015 2012 in

97 2027 261 2080 Britanniam
285 2028 441 2097 profugisse.
477 2028 571 2082 Petere
595 2045 647 2081 non
670 2027 757 2082 solum
781 2027 942 2099 Bellovacos,
967 2028 1015 2082 sed

97 2098 180 2150 etiam
200 2114 246 2167 pro
260 2097 301 2152 his
312 2097 431 2166 Aeduos,
444 2107 473 2150 ut
489 2115 538 2150 sua
556 2097 700 2152 elementia
716 2115 749 2151 ao
766 2097 970 2152 mansuetudine
989 2098 1015 2152 in

96 2183 145 2219 eos
164 2176 262 2220 utatur.
298 2166 417 2226 Quodsi
438 2166 539 2236 feeerit,
560 2166 715 2220 Aeduorum
738 2161 921 2221 auctoritatem
944 2167 1015 2221 aud

95 2253 192 2289 omnes
204 2236 302 2302 Belgas
311 2235 552 2306 amplificaturum5
569 2252 681 2306 quorum
693 2236 800 2290 auxiliis
819 2247 899 2307 atque
911 2186 1014 2308 opidus,

96 2307 120 2358 si
133 2322 187 2374 qua
199 2305 270 2359 bella
284 2303 431 2374 inciderint,
446 2313 595 2358 sustentare
607 2307 765 2360 eonsueriut.

134 2381 173 2428 15.
193 2376 291 2429 Caesar
309 2374 414 2430 honoris
432 2375 556 2429 Divitiaei
579 2384 660 2444 atque
677 2375 832 2429 Aeduorum
855 2393 937 2428 eausa
955 2392 1015 2430 sese

95 2460 144 2498 eos
162 2445 189 2498 in
206 2444 289 2500 tidem
308 2447 476 2514 recepturum
496 2453 755 2510 eteooservaturum
769 2443 851 2497 dixit:
870 2445 940 2514 quod
959 2454 1015 2498 erat

95 2514 191 2568 civitas
202 2531 301 2582 magua
313 2514 382 2566 inter
392 2513 488 2582 Belgas
500 2515 655 2567 auctoritate
672 2527 753 2582 atque
771 2513 908 2566 hominum
926 2513 1014 2566 multi·

97 2583 190 2637 tudine
212 2582 373 2662 praestabat,
394 2591 534 2638 sexcentos
552 2581 660 2637 obsides
683 2599 716 2652 po
751 2584 810 2636 scit.
846 2581 894 2634 His
913 2582 1016 2636 traditis

95 2652 277 2722 omnibusque
301 2669 385 2706 annis
408 2669 442 2706 ex
465 2652 561 2732 oppido
585 2651 687 2705 collatis
710 2599 796 2704 Adeo
817 2648 873 2703 loco
898 2651 923 2705 in
946 2651 1015 2706 fines

96 2722 295 2778 Ambianorum
307 2721 436 2793 pervertit,
449 2739 495 2792 qur
513 2739 542 2775 se
560 2739 662 2792 suaque
680 2721 769 2774 omnia
781 2721 838 2802 sine
856 2737 929 2774 mora
941 2719 1014 2774 dedi-

60 2945 64 2952 .
94 2901 174 2964 filling
184 2902 203 2950 it
214 2915 256 2962 up,
269 2902 316 2950 aud
326 2902 427 2964 making
437 2903 455 2950 it
466 2902 529 2950 level
538 2903 598 2951 with
607 2903 652 2952 tha
661 2915 711 2953 rest
720 2904 751 2953 ol
757 2905 799 2954 tlte
826 2905 909 2959 round.
917 2915 950 2952 'so
961 2903 1012 2951 that

94 2963 137 3011 the
148 2961 256 3021 military
267 2962 367 3022 anginas
378 2961 450 3010 could
462 2964 493 3011 be
504 2961 614 3014 wheeled
626 2977 659 3023 up
669 2975 695 3012 to
706 2964 747 3012 the
759 2921 825 3013 wald

124 3047 425 3110 ¹Brataspootiam,after
435 3048 476 3097 the
492 3047 617 3098 reductiou
632 3049 661 3098 of
671 3049 713 3098 the
725 3049 856 3107 Bellovaci,
870 3023 920 3098 was
936 3048 1013 3097 called

95 3108 299 3168 Caesaromagus.
331 3107 410 3156 Rnios
426 3107 454 3156 ol
465 3125 480 3157 a
494 3118 562 3157 town
572 3108 601 3158 os
611 3109 782 3170 Bratuspante‚
796 3109 882 3158 alittle
898 3107 968 3156 north
983 3108 1011 3156 ol

95 3165 227 3286 ἒὲθιιιὲῖιααιὲ,
234 3166 384 3283 montenigro
394 3167 455 3220 ltave
466 3167 563 3217 existed
573 3184 600 3218 as
611 3169 659 3218 late
670 3185 698 3218 as
708 3168 750 3218 tlte
766 3167 888 3218 sixteenth
903 3177 1012 3228 century.

124 3311 251 3362 ”Thotis
264 3321 378 3362 amora.
410 3311 658 3374 Conpositum,
670 3282 760 3362 vitai

184 3403 219 3450 6·
482 3439 483 3446 κ
543 3415 557 3452 r
