2268 3786
387 311 390 318 -
463 287 557 332 uuas
576 289 617 332 rr.
943 271 1000 332 lut

61 401 149 454 inter
170 417 208 469 se,
230 415 264 453 us
285 407 388 454 tantum
407 397 528 452 dedecus
546 397 738 467 admitteretur,
747 397 866 466 ,uurvsrsi
886 413 920 452 ea
937 398 999 452 uari

61 471 256 524 desiluerunt.
298 469 353 522 Hos
375 469 440 522 item
464 485 498 522 ea
546 468 653 522 resimis
681 467 773 538 primis
802 466 915 522 navibus
936 485 999 524 oum

65 540 293 610 conspexissent,
306 539 443 592 subsecuti
455 485 577 592 hostibus
587 539 837 608 appropinquarunt.

109 615 160 662 26.
179 609 329 678 Pugnatum
342 617 382 661 est
394 606 429 662 ab
441 608 558 677 utrisque
569 608 673 660 acriter.
708 607 798 661 Nostri
817 616 915 677 umen,
928 607 999 687 quod

63 695 170 749 neque
191 679 305 732 ordines¹
317 694 423 731 serrare
442 693 529 747 nsque
548 677 659 732 firmiter
678 676 799 730 insistere
817 693 905 746 neque
924 693 1000 745 sigua

66 749 211 818 subsequi
236 755 364 819 poterant,
388 755 469 817 atque
491 746 561 802 alius
582 746 636 800 alia
658 763 692 800 err
714 747 777 800 navi
795 747 1000 817 quibuscunque

66 819 165 888 siguis
182 827 331 870 occurrerat
350 833 379 869 se
396 816 565 886 aggregabat,
583 832 744 886 magnopere
761 815 999 886 perturbabantur,

66 889 173 942 hostes
185 904 248 941 vero
265 888 334 940 notis
351 887 476 940 omnibus
487 885 569 955 radis,
583 884 628 938 ubi
646 902 681 938 ex
697 885 773 938 litore
790 885 894 955 aliquos
910 885 1000 955 singq·

68 959 151 1012 lares
171 974 206 1010 ea
226 957 288 1010 navi
309 955 478 1026 egredientes
497 962 696 1026 conspexerant,
718 955 835 1008 incitatis
853 955 930 1025 equis
950 956 999 1010 iru-

113 1027 187 1088 ditos
206 1026 399 1095 adoriebantur,
412 1025 503 1095 plures
521 1040 620 1094 paucm
640 1023 880 1094 circumsistebant,
898 1024 944 1077 alii
964 1023 1000 1088 ab

104 1107 164 1150 tere
188 1106 279 1166 aperto
302 1095 330 1148 in
359 1095 505 1148 universos¹
527 1094 581 1147 tela
610 1093 795 1163 conjiciebant.
831 1094 907 1154 Quod
936 1109 999 1150 oum

69 1164 315 1220 animadvenisset
344 1165 447 1231 Caesar,
479 1162 592 1234 scaphas
621 1163 759 1232 longarum
787 1163 903 1233 nauum,
933 1163 999 1223 item

72 1235 259 1306 speculatoris
276 1234 382 1303 navigia
402 1234 533 1288 militibus
552 1233 679 1302 compleri
699 1231 777 1302 jussit
795 1242 822 1286 et
842 1249 909 1302 quos
927 1232 999 1300 labo·

72 1314 172 1358 rantes
191 1316 373 1374 conspexerat,
383 1303 430 1364 ‚his
449 1303 569 1358 subsidia
589 1301 772 1356 submittebat.
808 1303 905 1372 Nostri,
918 1303 999 1358 simul

73 1375 103 1428 in
125 1373 201 1427 arido
219 1373 400 1443 constiterunt,
414 1373 470 1427 suis
486 1373 610 1428 omnibus
627 1371 778 1426 consecutis
795 1371 823 1428 iu
840 1371 930 1426 hostes
947 1374 998 1428 im·

73 1453 175 1516 petum
187 1443 308 1496 lecerunt
325 1453 407 1512 atque
426 1459 472 1496 eos
490 1444 516 1496 in
533 1441 624 1511 lugam
642 1440 772 1505 dederunt
789 1457 877 1510 neque
895 1441 999 1512 lougius

74 1513 207 1584 prosequi
229 1520 378 1582 potuerunt,
397 1512 466 1582 quod
490 1511 595 1582 equites
617 1527 724 1565 cursum
749 1522 839 1564 tenere
862 1519 942 1580 atque
960 1513 998 1564 iu-

76 1583 171 1636 sulam
182 1582 352 1652 capers¹non
370 1591 519 1662 potuerunt.
554 1581 611 1634 llos
628 1597 712 1634 unum
729 1577 764 1632 ad
782 1580 930 1650 pristinam⁴
948 1580 998 1636 lor·

76 1663 174 1707 tunam
188 1652 293 1705 Caesari
306 1651 399 1705 deluit.

30 1722 37 1728 '
117 1727 160 1774 27.
184 1721 281 1774 Hostes
298 1721 397 1792 proelio
420 1720 544 1791 superati,
563 1719 644 1774 simul
666 1728 747 1790 atque
770 1736 800 1774 ss
823 1736 857 1774 ex
875 1718 939 1788 luga
959 1735 998 1773 re·

75 1808 113 1846 oe
150 1797 219 1860 runt,
232 1791 322 1844 statim
340 1791 373 1844 ad
387 1792 528 1844 Caesarem
547 1790 648 1858 legatos
665 1789 700 1844 de
718 1806 785 1860 pace
804 1790 940 1858 misemnt,
952 1787 998 1844 ob·

75 1808 156 1914 sirici
167 1859 275 1912 daturos
286 1877 411 1931 quaeque
429 1861 586 1930 imperasset
598 1859 715 1912 facturos
733 1875 792 1913 sese
805 1859 914 1930 polliciti
926 1865 996 1913 suat.
1047 1869 1053 1884 ⁴

75 1931 141 1984 Una
162 1946 225 1982 cnm
245 1929 286 1982 his
305 1929 400 1998 legatis
417 1929 554 1983 Commius
573 1929 687 1983 Atrebas
707 1930 787 2000 venit,
808 1947 888 2000 quem
909 1929 999 2000 supra⁸

75 1999 326 2052 demonstraveram
338 2016 355 2052 a
366 1999 479 2052 Caesare
491 1999 518 2052 iu
530 1998 693 2052 Britanniam
706 2000 890 2070 praemissum.
919 2001 998 2056 Hunc

75 2069 119 2122 illi
131 2085 148 2121 e
160 2069 221 2122 nari
233 2085 378 2139 egressum,
392 2085 455 2122 cum
467 2067 501 2122 ad
514 2083 561 2120 eos
572 2069 690 2120 oratoris⁸
702 2069 780 2122 modo
793 2070 911 2124 Caesaris
923 2087 998 2134 mau-

76 2138 144 2192 data
155 2137 278 2208 deterret,
292 2137 546 2208 comprehenderant
557 2146 638 2208 atque
657 2138 683 2191 in
696 2139 802 2194 vincula
813 2139 996 2211 conjecerant:

77 2216 138 2261 turn
158 2207 256 2278 proelio
279 2207 349 2260 lacto
370 2208 535 2277 remiserunt,
556 2217 583 2260 et
607 2209 633 2260 in
652 2209 766 2277 petenda
785 2225 852 2281 pace
872 2210 932 2280 ejus
947 2207 998 2264 rei²

76 2277 187 2348 culpam
213 2277 240 2329 iu
262 2277 459 2330 multitudinem
484 2277 654 2347 conjecerunt
678 2287 704 2331 et
722 2288 827 2347 propter
847 2279 997 2349 impruden·

77 2347 147 2400 tiam
166 2354 195 2400 ut
214 2347 393 2416 ignosceretur
411 2347 570 2416 petiverunt.
606 2347 703 2399 Caesar
714 2357 832 2417 questus,
845 2350 915 2418 qaod
933 2365 996 2404 oum

78 2415 149 2470 ultro
172 2416 199 2470 in
220 2417 398 2469 continentem
419 2416 514 2485 legatis
532 2416 624 2470 missis
641 2431 738 2486 paoem
757 2415 792 2469 ab
812 2418 995 2490 sepelissent,

108 2596 117 2624 ¹
131 2593 234 2641 Ordines
253 2591 310 2640 here
328 2591 437 2653 signifies
455 2591 497 2641 the
515 2591 577 2641 lines
593 2591 686 2642 formed
701 2593 734 2652 by
749 2591 791 2640 tlte
807 2591 908 2641 soldisrs
923 2592 997 2643 when

76 2653 163 2702 drawn
173 2667 205 2712 up
216 2652 240 2700 in
251 2651 326 2699 battle
337 2667 415 2712 army.

106 2742 117 2770 ²
128 2739 159 2787 In
169 2741 312 2796 aerioma,-
324 2738 378 2789 that
388 2739 418 2795 is,
431 2737 502 2787 when
513 2739 572 2799 they
580 2753 632 2804 saw
643 2737 684 2786 the
694 2737 773 2785 whole
784 2737 848 2799 body
859 2736 887 2786 ol
894 2751 908 2786 a
919 2737 996 2798 ship’s

78 2815 144 2849 creir
156 2813 225 2847 come
236 2811 287 2852 out,
301 2798 359 2858 they
370 2797 448 2846 threw
459 2798 522 2846 their
532 2798 598 2846 darts
609 2813 697 2858 among
707 2797 783 2846 them.

108 2886 218 2949 ’Capera
232 2885 290 2934 here
307 2887 328 2934 is
344 2885 385 2934 the
402 2901 469 2954 same
485 2901 512 2934 as
526 2887 652 2948 attingere,
667 2889 706 2934 ‘to
722 2884 780 2932 take
797 2884 936 2944 possession
952 2861 994 2932 Juf!

79 2946 201 3006 Compare
213 2945 281 3006 chap.
293 2948 331 3002 36,
344 2961 367 2994 v.
379 2947 401 2993 8.

108 3031 240 3079 ‘Pristim
248 3033 371 3092 sonuum
389 3030 441 3079 that
458 3030 488 3087 is,
505 3028 547 3079 the
558 3029 626 3092 ,good
640 3027 699 3078 luch
713 3043 740 3078 or
756 3043 855 3078 success
869 3025 950 3078 which
964 3025 995 3077 he

78 3089 127 3142 had
137 3090 243 3140 hitherto
254 3089 365 3152 enjoyed.

108 3179 174 3228 ‘See
186 3178 255 3239 chap.
267 3183 303 3227 21.

109 3269 114 3294 ¹
132 3265 221 3346 Orator
231 3265 252 3315 is
264 3265 330 3316 allen
339 3264 400 3317 used
411 3265 435 3314 in
445 3264 487 3317 the
498 3279 570 3313 sense
581 3263 609 3314 ol
615 3279 645 3313 au
656 3261 818 3314 ambassador.

109 3353 195 3415 {Ther
206 3353 236 3411 is,
249 3353 277 3428 ol
284 3352 325 3404 the
336 3352 461 3404 detentiou
471 3352 518 3402 aad
529 3352 712 3414 imprisoumeut
722 3349 750 3402 os
758 3349 892 3402 Commius
