2272 3786
457 289 549 332 crees
568 287 615 332 ιιι.
954 267 994 328 77

67 401 241 470 absentibus,
256 407 361 471 propter
371 407 532 520 paucitatem
541 373 740 468 despiciebant·
753 403 810 452 turn
822 397 912 470 etiam,
924 397 996 470 quod

67 482 181 544 propter
193 471 364 540 iniquitatem
384 470 433 538 ooi,
447 484 510 521 cum
528 467 578 538 ipsi
596 483 630 520 ex
648 435 782 520 montibus
799 467 936 522 invallem
950 467 997 522 de·

67 552 214 596 currerent
232 551 260 594 et
278 539 332 592 tela
349 537 517 608 conjicerent,
536 553 571 590 ne
588 537 704 606 primum
742 536 833 592 uidem
851 555 929 608 posse
947 539 997 592 im·

66 623 166 682 petum
181 627 265 665 suum
277 608 400 664 sustineri
411 605 609 660 existimabant.
645 607 702 660 Aoo
738 605 879 677 ebetquod
889 625 951 662 suos
961 607 997 663 eb

66 699 96 734 se
115 681 224 735 liberos
241 680 386 732 abstractos
402 675 525 732 obsidum
544 675 651 730 nomine
668 674 801 746 dolebant,
821 687 848 731 et
865 678 998 733 Romanos

65 768 120 804 non
140 752 236 804 solum
256 749 379 802 itinerum
396 763 486 816 eausa,
500 744 548 800 sed
566 747 649 798 etiam
666 755 811 816 perpetuae
823 749 998 816 possessionis

66 821 198 875 culmina
211 819 320 894 Alpium
337 833 468 887 occupare
485 815 574 868 conari
591 823 619 868 et
636 829 670 868 eu
684 814 743 868 loca
754 816 883 872 finitimae
894 821 997 890 provin·

66 891 127 944 oiae
140 890 294 961 adjungere
307 887 355 942 sibi
367 902 525 957 persuasum
537 884 679 939 habebunt.

102 965 129 1013 3.
151 961 207 1014 His
226 956 325 1012 nuntiis
344 957 463 1027 acceptis
483 954 577 1024 Galba,
597 971 661 1008 oum
680 969 769 1024 neque
789 972 856 1026 opus
876 955 997 1012 hiberno·

67 1047 130 1084 rum
144 1028 365 1096 munitionesque
377 1025 456 1097 plene
469 1033 558 1078 essent
570 1023 713 1094 perfectae,
724 1041 758 1078 ne
778 1042 812 1078 ue
821 1025 855 1078 de
864 1025 997 1082 frumento

67 1099 235 1170 reliquoque
243 1106 393 1151 commeatu
402 1094 544 1148 satiseeset
571 1093 693 1164 rorisum,
702 1111 737 1163 qu
781 1093 917 1150 deditione
926 1097 998 1152 facta
1084 1095 1097 1119 ¹

68 1169 272 1238 obsidibusque
283 1163 479 1235 acceptisnihil
497 1163 531 1218 de
582 1163 616 1217 llo
628 1163 777 1218 timendum
790 1166 996 1237 existimaverat,

68 1239 190 1293 oonsilio
202 1236 322 1292 celeriter
333 1243 477 1288 convocato
489 1233 635 1287 sententias
651 1233 790 1355 expuirere
808 1236 902 1306 coepit.
939 1237 997 1297 Quo

69 1309 96 1362 in
110 1307 238 1376 consilio,
251 1323 313 1360 cum
326 1314 430 1359 tantum
446 1303 577 1374 repentini
595 1303 708 1373 perioui
725 1314 829 1373 praeter
846 1307 997 1374 opinionem
1088 1348 1091 1358 .

69 1379 230 1448 accidisset,
243 1393 276 1428 ae
286 1374 343 1445 jarn
354 1373 445 1428 omnis
456 1372 513 1426 fere
522 1373 657 1442 superiora
665 1371 723 1426 loce
732 1372 902 1428 multitudine
911 1392 997 1430 erma·

62 1457 165 1522 tomm
185 1445 320 1516 completa
338 1444 561 1514 conspicerentur,
574 1458 662 1512 neque
680 1441 798 1496 subsidio
810 1444 894 1496 veniri
909 1463 997 1516 neque

70 1526 249 1572 commeatus
272 1513 418 1584 supportari
442 1513 594 1566 interclusis
617 1509 755 1564 itineribus
777 1522 892 1583 possent,
916 1531 997 1586 prope

74 1587 81 1597 ”
101 1606 130 1642 m
152 1587 296 1656 desperata
317 1583 402 1637 salute
422 1582 564 1636 nonnullae
583 1579 737 1652 hujusmodi
757 1583 905 1636 sententiae
925 1585 997 1638 dice·

109 1668 184 1726 ntur,
197 1664 226 1708 ut
246 1652 444 1724 impedimentis
462 1651 561 1706 relictis
578 1651 715 1722 eruptione
733 1649 804 1704 facta
816 1651 910 1705 iisdem
923 1653 997 1706 itine-

73 1728 160 1796 ribus,
175 1725 273 1795 quibus
284 1740 316 1777 eo
328 1725 519 1794 pervenissent,
531 1722 565 1774 ad
578 1721 692 1774 salutern
705 1720 902 1776 contenderent.
938 1722 998 1776 Me·

72 1796 124 1876 jori
144 1807 238 1850 tamen
256 1793 323 1864 perti
340 1792 440 1864 placuit
459 1791 509 1844 hoc
528 1801 660 1844 reservato
677 1789 712 1844 sd
728 1799 878 1845 extremum
890 1791 998 1847 consilio

74 1865 188 1922 interim
202 1865 240 1918 rei
252 1871 378 1917 eventum
391 1861 513 1942 eriperiril
524 1867 551 1914 et
564 1869 651 1926 castra
662 1859 817 1914 defendere.

110 1943 138 1991 4.
158 1935 237 1989 Brevi
256 1933 340 2003 spatio
358 1933 502 2002 interjecto,
517 1930 562 1983 vix
574 1939 602 1983 ut
615 1929 755 2014 his,rebus,
768 1947 835 2000 ques
850 1932 998 1987 constituis·

76 2007 158 2077 sent,²
171 2002 332 2058 collocandis
343 2012 423 2071 atque
435 1999 651 2056 administrandis
664 2009 770 2070 tempus
782 1999 895 2072 deretur,
908 2002 1000 2056 hostes

75 2093 112 2132 ex
129 2074 258 2129 omnibus
275 2071 393 2142 pertibus
411 2071 485 2140 signo
502 2070 564 2122 dato
582 2069 729 2134 decurrere,
743 2069 1000 2153 lapidesgaeanue⁸

77 2145 105 2200 in
125 2144 232 2200 vallum
251 2141 392 2211 conjicere.
428 2139 516 2195 Nostri
540 2140 623 2211 primo
647 2139 756 2208 integris
775 2141 876 2194 viribus
898 2141 1000 2196 fortiter

77 2229 230 2287 repugnare
248 2227 336 2280 neque
354 2209 440 2265 ullum
459 2208 555 2264 frustra
572 2208 657 2263 telum
674 2225 709 2262 ex
722 2207 780 2262 loeo
793 2211 926 2280 superiore
938 2213 998 2266 mit·

77 2292 145 2356 tere,
160 2293 190 2337 ut
207 2297 412 2352 quaeque,me
431 2287 577 2332 castrorum
594 2278 694 2332 nudata
710 2277 896 2334 defensoribus
913 2281 1000 2352 premi

77 2354 230 2420 ridebatur,
244 2368 276 2403 eo
293 2365 429 2403 occurrere
440 2357 475 2402 ,et
492 2347 622 2401 auxilium
640 2347 717 2418 ferre,
730 2348 777 2401 sed
795 2348 846 2401 hoc
864 2367 894 2402 su
932 2350 1000 2420 rari,⁴

77 2423 153 2494 quod
171 2420 342 2476 diuturnitate
360 2434 466 2489 pugnae
483 2417 575 2471 hostes
591 2417 691 2470 defessi
709 2416 807 2487 proelio
823 2435 889 2471 exce
910 2419 997 2488 ebant,

77 2494 124 2548 elii
150 2491 260 2560 integris
280 2488 380 2542 viribus
403 2487 600 2556 succedebant,
623 2503 735 2556 quarum
761 2503 848 2540 rerum
869 2505 885 2538 a
905 2488 1000 2542 nostris

78 2571 188 2634 propter
204 2559 368 2631 paucitatem
386 2557 443 2612 fieri
461 2555 527 2610 nihil
543 2564 653 2626 poterat,
667 2571 701 2608 ao
718 2571 770 2608 non
787 2555 876 2610 modo⁸
893 2555 999 2610 defesso

81 2792 95 2841 b
109 2731 249 2840 ῑῇῗὸιω
260 2728 369 2794 experiri,
380 2737 406 2776 to
416 2714 522 2776 wait'for
532 2727 574 2776 the
589 2725 665 2776 result
676 2724 705 2775 of
716 2725 758 2775 the
770 2727 908 2786 operatione
918 2727 947 2778 of
957 2727 999 2778 the

96 2807 124 2842 ar
142 2807 157 2839 a
223 2824 229 2838 .

109 2883 120 2912 ¹
132 2880 320 2930 constituissent
330 2894 341 2935 ,¹
354 2877 460 2938 hemely,
470 2879 581 2926 collocare
590 2885 662 2938 atque
668 2877 844 2926 administrare.
876 2877 931 2927 The
941 2880 999 2928 sub·

85 2941 136 3003 ieet
146 2939 175 2988 of
181 2939 361 2988 constituissent
372 2937 393 2985 is
404 2936 514 2985 Rcrrroni.

111 3029 121 3058 ⁸
132 3027 221 3082 Gaesa,
230 3025 335 3086 jevelins
346 3023 427 3073 which
438 3038 503 3072 were
514 3022 575 3072 used
586 3037 615 3082 ep
633 3021 728 3083 arently
738 3023 772 3082 by
780 3021 813 3070 all
825 3023 905 3072 Celtic
914 3023 998 3081 tribes,

84 3087 185 3136 whence
190 3100 233 3154 ,we
240 3083 290 3154 find
298 3083 366 3132 them
376 3082 516 3152 mentipned
526 3089 568 3129 not
579 3095 594 3129 o
622 3081 670 3142 yin
679 3080 752 3140 Gaul,
764 3080 847 3142 Spain,
857 3083 905 3134 end
913 3098 1001 3147 among

84 3147 125 3198 the
136 3145 228 3205 Alprne
239 3144 323 3200 tubes,
335 3144 379 3192 but
390 3141 442 3191 also
453 3158 478 3190 ιιι
488 3141 561 3201 Italy.

112 3231 257 3294 ‘seperari
273 3234 313 3278 ‘to
323 3230 354 3278 be
364 3228 442 3278 under
451 3243 467 3278 a
475 3225 666 3290 ‹lisadvnutuge¹

113 3323 123 3351 ⁵
133 3318 256 3377 Compare
267 3316 291 3366 ii.
305 3319 342 3372 17.
354 3324 411 3364 note
423 3318 444 3364 1.

92 3401 208 3478 ,7,
