2272 3788
133 247 191 311 182
434 267 476 310 οι
496 265 752 313 sunuoesasreo.

131 375 299 445 accessisset,
348 377 481 430 ιοιιιιοιιιιιι
492 375 542 429 1οοὶ
555 377 757 448 opportunitate,
768 377 882 448 quisei
934 377 1059 432 nemeni-

132 445 204 498 tione
216 443 297 498 delen
318 453 390 497 eret:
410 445 532 514 equitum
540 462 603 498 vero
615 461 725 515 operam
738 464 825 516 neque
838 448 865 500 in
888 463 938 500 oco
950 446 1059 516 palustri

132 513 278 567 desiderari
291 513 426 584 debuisse,
439 515 476 566 et¹
488 513 543 567 illic
562 513 646 568 fuisse
667 515 836 585 utilemque
856 517 910 570 sint
949 515 1057 568 rofecti:

133 596 269 636 summam
281 582 387 652 imperii
399 599 428 634 se
440 581 566 636 consulto*
577 583 643 636 nulli
661 584 846 638 discedentem
859 532 1015 654 tradilisse,
1027 600 1059 638 ne

132 651 156 704 is
173 650 354 704 multitudinis
372 651 460 706 studio
477 652 512 706 ad
530 651 715 706 dimicandum
735 653 935 722 impelleretur,
961 653 1007 706 cui
1023 653 1059 706 rei

131 729 238 842 propter
249 720 331 773 animi
351 720 503 774 mollitiem⁸
514 721 620 774 studere
640 739 735 775 omnes
746 722 857 792 videret,
871 722 944 792 quod
960 721 1060 774 diuuus

142 789 253 843 aborem
272 789 341 843 serre
361 806 413 842 non
436 797 554 860 possent.
589 790 701 844 Romani
726 791 749 844 si
771 807 837 844 ceso
859 790 1059 860 intervenerint,

132 857 270 928 fortunae,
289 859 311 910 si
329 857 446 928 alicujus
465 858 563 914 indicio
572 861 667 930 vocati,
681 859 744 913 huic
763 859 920 914 habendam
937 860 1058 928 gratiam,

132 926 203 996 qnod
223 935 250 979 et
271 927 436 996 paucitatem
455 942 549 980 eorum
561 945 596 980 ex
614 928 672 990 loco
693 931 829 998 superiore
849 943 1023 997 cognoscere,
1036 937 1061 982 et

132 996 259 1048 virtutem
272 995 414 1064 despicere
426 996 573 1076 potuerint;
592 998 645 1076 qui,
659 997 788 1050 dimicare
800 1013 853 1060 non
865 997 934 1066 ausi,
948 999 1061 1066 turpiter

133 1064 202 1116 sein
215 1072 303 1116 cestra
321 1081 381 1116 rece
419 1071 478 1117 nnt.
515 1065 662 1134 Imperium
680 1083 710 1119 se
727 1065 763 1119 ab
781 1061 895 1119 Caesare
916 1069 965 1135 pe'r
977 1065 1061 1135 prodi·

133 1133 234 1185 tionem
251 1132 364 1186 nulium*
396 1133 538 1201 asiderare‚
551 1134 621 1202 quod
641 1134 741 1188 habere
754 1135 865 1188 victoria
877 1143 978 1206 posset,
993 1151 1062 1204 quae
1118 1181 1119 1184 ,

131 1200 187 1282 jam
209 1209 282 1253 esset
302 1201 353 1255 sibi
371 1209 453 1272 atque
472 1203 598 1256 omnibus
617 1203 702 1257 Gallis
720 1203 871 1272 explorata:
891 1203 958 1272 quin
979 1205 1062 1257 etiam
1118 1211 1119 1260 ἶ

132 1269 199 1339 ipsis
210 1271 366 1341 remittere,⁶
378 1271 400 1323 si
417 1270 469 1324 sibi
487 1271 574 1340 magis
592 1271 720 1327 honorem
737 1273 860 1341 tribuere,
873 1288 959 1342 quarn
979 1273 1016 1326 ab
1033 1288 1062 1325 se

134 1338 249 1392 salutern
268 1339 391 1408 accipere
403 1339 552 1394 videantur.
587 1339 660 1393 llaec
671 1347 699 1392 ut
708 1341 1006 1411 intellegatis,inquit,a
1018 1357 1062 1395 me

133 1407 238 1460 sincere
249 1409 424 1478 pronunciari,
438 1408 531 1462 audite
542 1411 676 1462 Romanos
687 1409 796 1462 milites.
821 1408 948 1463 Producit
961 1425 1061 1480 servos

132 1492 200 1546 quos
211 1476 238 1530 in
250 1477 420 1548 pabulatione
433 1479 526 1546 paucis
537 1486 601 1531 ante
612 1474 711 1531 diebus
721 1487 863 1546 exceperat
876 1485 904 1532 et
916 1477 994 1532 lame
1006 1480 1061 1534 vin·

133 1546 255 1616 ¹culisque
268 1548 478 1599 excruciaverat.
514 1547 550 1600 Hi
568 1545 624 1616 J'arn
642 1556 705 1604 ante
724 1547 812 1599 edocti
824 1563 895 1616 quae
907 1545 1061 1617 interrogati

133 1615 346 1695 pronunciarent,
365 1615 467 1668 milites
490 1631 520 1668 se
544 1630 604 1668 esse
622 1615 781 1683 legionarios
803 1615 912 1670 dicunt:
940 1615 1017 1670 fame
1035 1624 1062 1669 et

134 1685 222 1756 inopia
233 1684 364 1738 adductos
376 1684 447 1737 olam
466 1701 500 1737 ex
520 1684 615 1737 castris
632 1685 728 1753 exisse,
742 1685 764 1736 si
782 1684 847 1753 quid
866 1684 999 1752 frumenti
1015 1693 1062 1739 aut
1118 1683 1119 1692 ’

133 1754 238 1834 pecoris
258 1753 285 1806 in
306 1753 376 1820 egris
393 1753 510 1822 reperire
529 1761 651 1823 possent:
677 1752 759 1806 simili
778 1754 888 1806 omnem
909 1755 1062 1808 exercitum
1118 1763 1119 1818 i

133 1821 222 1890 inopia
245 1821 340 1890 premi,
365 1838 416 1875 nec
444 1821 500 1890 jam
523 1823 594 1876 vires
614 1821 739 1874 sufficere
763 1822 898 1891 cuiquam,
923 1837 976 1875 nec
994 1822 1065 1876 ferre
1118 1819 1119 1872 l

132 1891 220 1960 operis
233 1890 353 1944 laborem
365 1906 460 1960 posse:
479 1891 570 1959 itaque
587 1891 711 1944 statuisse
738 1891 976 1960 imperatorem,si
994 1891 1063 1946 nihil
1118 1905 1119 1914 ¹

132 1958 163 2010 in'
171 1961 368 2030 oppugnatione
380 1958 470 2029 oppidi
502 1959 647 2038 refecisset,
657 1959 743 2012 triduo
752 1961 901 2012 exercitum
912 1959 1063 2014 deducere.

132 2027 215 2096 Haec,
237 2029 330 2097 inquit,
352 2045 369 2080 a
387 2045 440 2098 me,
487 2024 669 2096 ercinge'tonx,
689 2026 826 2080 beneficia
842 2027 958 2098 habetis,
978 2045 1064 2098 quem

131 2095 1064 2218 proditionisinsimulatis,cujusoperasinevestrosanguinetanturn

132 2167 280 2219 exercitum
299 2165 438 2219 victorem⁸
464 2183 528 2218 ame
546 2181 632 2235 paene
651 2173 821 2218 consumtum
840 2165 957 2234 videtis3
977 2183 1064 2239 quern

132 2235 243 2314 turpiter
252 2251 281 2288 se
294 2251 329 2288 ex
340 2234 390 2288 hac
403 2233 467 2314 luga
479 2235 663 2304 recipientem,
673 2251 708 2287 ne
717 2249 770 2304 qua
782 2235 879 2288 civitas
889 2235 948 2288 suis
961 2235 1063 2314 finibus

131 2313 251 2372 recipiat,
264 2321 281 2356 a
292 2319 338 2357 me
351 2317 487 2373 provisum
499 2312 549 2356 esti
729 2329 732 2336 ⁴

167 2377 210 2426 21.
229 2373 384 2427 Conclamat
402 2373 490 2428 omnis
512 2371 663 2442 multitudo,
683 2378 711 2424 et
731 2385 779 2424 suo
801 2387 876 2424 more
895 2371 983 2426 armis
1000 2387 1061 2429 oen·

161 2547 341 2612 ‘Persuasum
359 2553 447 2614 supply
457 2553 602 2614 sehifuiere.
666 2609 668 2617 Ι

161 2641 321 2704 ”Neque-et.
341 2640 376 2688 .It
392 2639 530 2700 frequently
540 2639 649 2745 happens
660 2637 685 2686 iu
695 2637 769 2706 Latin
784 2637 836 2686 that
852 2653 868 2685 a
877 2640 962 2688 writer
972 2639 1059 2708 begins

132 2701 239 2750 aclause
250 2699 310 2748 with
321 2715 362 2746 nec
372 2714 399 2747 cr
409 2714 491 2759 nque,
504 2714 532 2746 ns
543 2697 564 2745 ri
593 2713 606 2744 e
618 2713 669 2760 was
684 2713 740 2757 gorn
768 2705 795 2744 to
805 2711 848 2744 use
860 2696 963 2746 another
973 2699 1057 2760 begrn·

132 2759 191 2820 ning
201 2758 262 2806 with
278 2758 319 2806 the
335 2773 403 2805 same
419 2756 547 2824 negativ03
565 2757 609 2804 but
621 2755 716 2824 instead
726 2713 784 2802 olii
800 2755 831 2803 he
847 2756 960 2816 employa
972 2765 1004 2815 ct,
1016 2757 1057 2806 the

133 2827 248 2868 sentence
259 2826 301 2864 not
313 2816 386 2876 being
397 2824 534 2876 anegatrve
545 2830 600 2864 one.
632 2814 680 2863 See
691 2829 723 2864 ιν,
732 2817 770 2862 29.

161 2903 298 2952 ‘Mollitia
310 2902 366 2950 here
378 2902 399 2950 is
410 2911 451 2949 not
466 2901 642 2960 ‘effemineoy,’
655 2902 699 2949 bnt
713 2905 792 2968 ‘want
803 2899 832 2948 of
843 2897 934 2969 enorgy
945 2901 995 2950 and
1004 2916 1055 2962 per-

132 2963 282 3019 severance,'
293 2962 383 3018 which,
394 2960 521 3022 according
531 2969 557 3020 to
569 2960 762 3022 Vercingetorix,
774 2975 839 3009 were
849 2953 963 3020 required
973 2961 1000 3010 in
1009 2959 1055 3011 this

132 3037 189 3072 case

161 3057 283 3146 *hortum
293 3093 314 3141 is
325 3101 436 3154 stronger
446 3092 494 3141 and
504 3105 571 3140 more
582 3091 704 3152 emphatic
715 3089 776 3140 than
784 3062 840 3142 nec.

162 3166 321 3222 ‘Bendtera-
334 3165 422 3226 supply
430 3182 464 3223 ee,
478 3165 523 3213 ‘he
532 3164 614 3214 would
625 3164 693 3212 leave
705 3164 723 3212 it
735 3172 760 3213 to
771 3163 834 3212 their
844 3178 900 3212 own
907 3162 1053 3225 judgmentl

132 3295 151 3342 t'
161 3237 267 3342 ‘aVicter
276 3237 322 3286 and
334 3237 426 3286 similar
436 3237 520 3288 harbel
531 3237 702 3286 'substantivas
717 3252 758 3286 are
773 3229 842 3286 osten
856 3235 918 3286 used
933 3252 961 3286 as
969 3229 1052 3299 'adjoc-

144 3309 168 3342 rv
197 3327 204 3342 .
907 3337 909 3340 .
