<?xml version="1.0" encoding="UTF-8"?>
<!DOCTYPE html PUBLIC "-//W3C//DTD XHTML 1.0 Transitional//EN"
    "http://www.w3.org/TR/xhtml1/DTD/xhtml1-transitional.dtd">
<html xmlns="http://www.w3.org/1999/xhtml" xml:lang="en" lang="en">
 <head>
  <title>
</title>
<meta http-equiv="Content-Type" content="text/html;charset=utf-8" />
  <meta name='ocr-system' content='tesseract 3.04.00' />
  <meta name='ocr-capabilities' content='ocr_page ocr_carea ocr_par ocr_line ocrx_word'/>
</head>
<body>
  <div class='ocr_page' id='page_1' title='image "./cjuliicaesarisc00zumpgoog_0130.png"; bbox 0 0 2272 3786; ppageno 0'>
   <div class='ocr_carea' id='block_1_1' title="bbox 475 319 986 380">
    <p class='ocr_par' dir='ltr' id='par_1_1' title="bbox 475 319 986 380">
     <span class='ocr_line' id='line_1_1' title="bbox 475 319 986 380; baseline -0.014 -4"><span class='ocrx_word' id='word_1_1' title='bbox 475 333 568 376; x_wconf 64' lang='lat' dir='ltr'><strong>ml!</strong></span> <span class='ocrx_word' id='word_1_2' title='bbox 586 331 616 376; x_wconf 76' lang='lat' dir='ltr'><strong>V.</strong></span> <span class='ocrx_word' id='word_1_3' title='bbox 928 319 986 380; x_wconf 72' lang='lat'><strong>115</strong></span> 
     </span>
    </p>
   </div>
   <div class='ocr_carea' id='block_1_2' title="bbox 56 443 1011 2467">
    <p class='ocr_par' dir='ltr' id='par_1_2' title="bbox 57 443 1011 1348">
     <span class='ocr_line' id='line_1_2' title="bbox 64 443 985 515; baseline 0.003 -18"><span class='ocrx_word' id='word_1_4' title='bbox 64 445 245 513; x_wconf 83' lang='lat' dir='ltr'><strong>magnitudine</strong></span> <span class='ocrx_word' id='word_1_5' title='bbox 267 461 318 515; x_wconf 93' lang='lat' dir='ltr'><strong>per</strong></span> <span class='ocrx_word' id='word_1_6' title='bbox 333 443 437 498; x_wconf 85' lang='lat' dir='ltr'><strong>medios</strong></span> <span class='ocrx_word' id='word_1_7' title='bbox 458 444 527 498; x_wconf 88' lang='lat' dir='ltr'><strong>fines</strong></span> <span class='ocrx_word' id='word_1_8' title='bbox 544 443 711 496; x_wconf 82' lang='lat' dir='ltr'><strong>Trevirorum</strong></span> <span class='ocrx_word' id='word_1_9' title='bbox 729 460 747 496; x_wconf 89' lang='lat' dir='ltr'><strong>a</strong></span> <span class='ocrx_word' id='word_1_10' title='bbox 763 443 874 500; x_wconf 82' lang='lat' dir='ltr'><strong>flumine</strong></span> <span class='ocrx_word' id='word_1_11' title='bbox 891 443 985 500; x_wconf 82' lang='lat' dir='ltr'><strong>liberto</strong></span> 
     </span>
     <span class='ocr_line' id='line_1_3' title="bbox 62 511 984 584; baseline 0.003 -18"><span class='ocrx_word' id='word_1_12' title='bbox 62 515 90 566; x_wconf 85' lang='lat' dir='ltr'><strong>arl</strong></span> <span class='ocrx_word' id='word_1_13' title='bbox 108 515 216 568; x_wconf 89' lang='lat' dir='ltr'><strong>initium</strong></span> <span class='ocrx_word' id='word_1_14' title='bbox 234 517 384 568; x_wconf 81' lang='lat' dir='ltr'><strong>Remorum</strong></span> <span class='ocrx_word' id='word_1_15' title='bbox 403 513 523 584; x_wconf 76' lang='lat' dir='ltr'><strong>pertinet,</strong></span> <span class='ocrx_word' id='word_1_16' title='bbox 540 511 642 566; x_wconf 88' lang='lat' dir='ltr'><strong>bellurn</strong></span> <span class='ocrx_word' id='word_1_17' title='bbox 662 529 754 582; x_wconf 83' lang='lat' dir='ltr'><strong>parare</strong></span> <span class='ocrx_word' id='word_1_18' title='bbox 775 513 895 568; x_wconf 83' lang='lat' dir='ltr'><strong>instituit.</strong></span> <span class='ocrx_word' id='word_1_19' title='bbox 931 515 984 569; x_wconf 82' lang='lat' dir='ltr'><strong>Sed</strong></span> 
     </span>
     <span class='ocr_line' id='line_1_4' title="bbox 62 583 983 654; baseline 0.003 -19"><span class='ocrx_word' id='word_1_20' title='bbox 62 595 234 654; x_wconf 75' lang='lat' dir='ltr'><strong>posteaquam</strong></span> <span class='ocrx_word' id='word_1_21' title='bbox 252 583 374 637; x_wconf 74' lang='lat' dir='ltr'>nonnulli</span> <span class='ocrx_word' id='word_1_22' title='bbox 388 583 520 654; x_wconf 89' lang='lat' dir='ltr'><strong>principes</strong></span> <span class='ocrx_word' id='word_1_23' title='bbox 536 599 571 635; x_wconf 84' lang='lat' dir='ltr'><strong>ex</strong></span> <span class='ocrx_word' id='word_1_24' title='bbox 587 599 619 634; x_wconf 89' lang='lat' dir='ltr'><strong>ea</strong></span> <span class='ocrx_word' id='word_1_25' title='bbox 634 583 751 652; x_wconf 78' lang='lat' dir='ltr'><strong>civitate,</strong></span> <span class='ocrx_word' id='word_1_26' title='bbox 764 592 791 638; x_wconf 87' lang='lat' dir='ltr'><strong>et</strong></span> <span class='ocrx_word' id='word_1_27' title='bbox 803 584 983 638; x_wconf 69' lang='lat' dir='ltr'><strong>familiaritate</strong></span> 
     </span>
     <span class='ocr_line' id='line_1_5' title="bbox 61 651 980 724; baseline 0.003 -20"><span class='ocrx_word' id='word_1_28' title='bbox 61 652 234 722; x_wconf 78' lang='lat' dir='ltr'><strong>Cingetorigis</strong></span> <span class='ocrx_word' id='word_1_29' title='bbox 258 653 369 706; x_wconf 89' lang='lat' dir='ltr'><strong>adducti</strong></span> <span class='ocrx_word' id='word_1_30' title='bbox 392 661 419 706; x_wconf 89' lang='lat' dir='ltr'><strong>et</strong></span> <span class='ocrx_word' id='word_1_31' title='bbox 442 653 559 706; x_wconf 81' lang='lat' dir='ltr'><strong>adventu</strong></span> <span class='ocrx_word' id='word_1_32' title='bbox 583 651 663 705; x_wconf 87' lang='lat' dir='ltr'><strong>nostri</strong></span> <span class='ocrx_word' id='word_1_33' title='bbox 686 653 820 707; x_wconf 81' lang='lat' dir='ltr'><strong>exercitus</strong></span> <span class='ocrx_word' id='word_1_34' title='bbox 842 655 980 724; x_wconf 79' lang='lat' dir='ltr'><strong>perterriti,</strong></span> 
     </span>
     <span class='ocr_line' id='line_1_6' title="bbox 59 721 983 794; baseline 0.003 -20"><span class='ocrx_word' id='word_1_35' title='bbox 59 722 89 774; x_wconf 88' lang='lat' dir='ltr'><strong>ad</strong></span> <span class='ocrx_word' id='word_1_36' title='bbox 104 723 254 776; x_wconf 85' lang='lat' dir='ltr'><strong>Caesarem</strong></span> <span class='ocrx_word' id='word_1_37' title='bbox 269 731 399 776; x_wconf 86' lang='lat' dir='ltr'><strong>venerunt</strong></span> <span class='ocrx_word' id='word_1_38' title='bbox 414 730 441 775; x_wconf 90' lang='lat' dir='ltr'><strong>et</strong></span> <span class='ocrx_word' id='word_1_39' title='bbox 457 721 492 774; x_wconf 88' lang='lat' dir='ltr'><strong>de</strong></span> <span class='ocrx_word' id='word_1_40' title='bbox 508 722 562 774; x_wconf 86' lang='lat' dir='ltr'><strong>suis</strong></span> <span class='ocrx_word' id='word_1_41' title='bbox 574 722 698 792; x_wconf 83' lang='lat' dir='ltr'><strong>privatim</strong></span> <span class='ocrx_word' id='word_1_42' title='bbox 710 721 791 776; x_wconf 85' lang='lat' dir='ltr'><strong>rebus</strong></span> <span class='ocrx_word' id='word_1_43' title='bbox 801 722 836 776; x_wconf 86' lang='lat' dir='ltr'><strong>ab</strong></span> <span class='ocrx_word' id='word_1_44' title='bbox 847 740 880 776; x_wconf 88' lang='lat' dir='ltr'><strong>eo</strong></span> <span class='ocrx_word' id='word_1_45' title='bbox 892 731 983 794; x_wconf 88' lang='lat' dir='ltr'><strong>petere</strong></span> 
     </span>
     <span class='ocr_line' id='line_1_7' title="bbox 59 791 982 862; baseline 0.004 -19"><span class='ocrx_word' id='word_1_46' title='bbox 59 802 209 861; x_wconf 87' lang='lat' dir='ltr'><strong>coeperunt,</strong></span> <span class='ocrx_word' id='word_1_47' title='bbox 230 794 360 862; x_wconf 90' lang='lat' dir='ltr'><strong>quoniam</strong></span> <span class='ocrx_word' id='word_1_48' title='bbox 380 791 481 844; x_wconf 82' lang='lat' dir='ltr'><strong>civitati</strong></span> <span class='ocrx_word' id='word_1_49' title='bbox 500 792 638 844; x_wconf 89' lang='lat' dir='ltr'><strong>consulere</strong></span> <span class='ocrx_word' id='word_1_50' title='bbox 658 807 710 844; x_wconf 88' lang='lat' dir='ltr'><strong>nou</strong></span> <span class='ocrx_word' id='word_1_51' title='bbox 730 801 846 862; x_wconf 83' lang='lat' dir='ltr'><strong>possent,</strong></span> <span class='ocrx_word' id='word_1_52' title='bbox 866 793 982 847; x_wconf 89' lang='lat' dir='ltr'><strong>indutio·</strong></span> 
     </span>
     <span class='ocr_line' id='line_1_8' title="bbox 59 859 983 932; baseline 0.004 -20"><span class='ocrx_word' id='word_1_53' title='bbox 59 877 145 914; x_wconf 88' lang='lat' dir='ltr'><strong>ruerus</strong></span> <span class='ocrx_word' id='word_1_54' title='bbox 166 865 282 931; x_wconf 81' lang='lat' dir='ltr'><strong>veritus,</strong></span> <span class='ocrx_word' id='word_1_55' title='bbox 304 879 338 915; x_wconf 92' lang='lat' dir='ltr'><strong>ne</strong></span> <span class='ocrx_word' id='word_1_56' title='bbox 357 861 392 917; x_wconf 87' lang='lat' dir='ltr'><strong>ab</strong></span> <span class='ocrx_word' id='word_1_57' title='bbox 415 859 540 914; x_wconf 86' lang='lat' dir='ltr'><strong>omnibus</strong></span> <span class='ocrx_word' id='word_1_58' title='bbox 553 860 727 932; x_wconf 74' lang='lat' dir='ltr'><strong>desereretur,</strong></span> <span class='ocrx_word' id='word_1_59' title='bbox 746 861 848 931; x_wconf 84' lang='lat' dir='ltr'><strong>legatos</strong></span> <span class='ocrx_word' id='word_1_60' title='bbox 864 862 898 917; x_wconf 83' lang='lat' dir='ltr'><strong>ad</strong></span> <span class='ocrx_word' id='word_1_61' title='bbox 917 863 983 916; x_wconf 86' lang='lat' dir='ltr'><strong>Cae·</strong></span> 
     </span>
     <span class='ocr_line' id='line_1_9' title="bbox 58 929 1011 1002; baseline 0.005 -21"><span class='ocrx_word' id='word_1_62' title='bbox 58 945 141 984; x_wconf 81' lang='lat' dir='ltr'><strong>sarem</strong></span> <span class='ocrx_word' id='word_1_63' title='bbox 162 933 266 986; x_wconf 88' lang='lat' dir='ltr'><strong>mittit:</strong></span> <span class='ocrx_word' id='word_1_64' title='bbox 291 949 351 984; x_wconf 87' lang='lat' dir='ltr'><strong>sese</strong></span> <span class='ocrx_word' id='word_1_65' title='bbox 369 931 465 984; x_wconf 89' lang='lat' dir='ltr'><strong>idcirco</strong></span> <span class='ocrx_word' id='word_1_66' title='bbox 485 929 520 984; x_wconf 89' lang='lat' dir='ltr'><strong>ab</strong></span> <span class='ocrx_word' id='word_1_67' title='bbox 538 931 595 983; x_wconf 87' lang='lat' dir='ltr'><strong>suis</strong></span> <span class='ocrx_word' id='word_1_68' title='bbox 609 929 749 984; x_wconf 87' lang='lat' dir='ltr'><strong>discedere</strong></span> <span class='ocrx_word' id='word_1_69' title='bbox 768 941 848 1002; x_wconf 90' lang='lat' dir='ltr'><strong>atque</strong></span> <span class='ocrx_word' id='word_1_70' title='bbox 866 931 900 985; x_wconf 90' lang='lat' dir='ltr'><strong>ad</strong></span> <span class='ocrx_word' id='word_1_71' title='bbox 918 948 983 986; x_wconf 89' lang='lat' dir='ltr'><strong>euru</strong></span> <span class='ocrx_word' id='word_1_72' title='bbox 1005 979 1011 992; x_wconf 86' lang='lat'>.</span> 
     </span>
     <span class='ocr_line' id='line_1_10' title="bbox 57 999 982 1071; baseline 0.005 -20"><span class='ocrx_word' id='word_1_73' title='bbox 57 1001 144 1054; x_wconf 83' lang='lat' dir='ltr'><strong>venire</strong></span> <span class='ocrx_word' id='word_1_74' title='bbox 165 1001 300 1069; x_wconf 85' lang='lat' dir='ltr'><strong>noluisse,</strong></span> <span class='ocrx_word' id='word_1_75' title='bbox 317 1017 369 1070; x_wconf 89' lang='lat' dir='ltr'><strong>qno</strong></span> <span class='ocrx_word' id='word_1_76' title='bbox 388 999 493 1053; x_wconf 82' lang='lat' dir='ltr'><strong>facilius</strong></span> <span class='ocrx_word' id='word_1_77' title='bbox 512 999 647 1070; x_wconf 78' lang='lat' dir='ltr'><strong>civitatem</strong></span> <span class='ocrx_word' id='word_1_78' title='bbox 667 1000 693 1052; x_wconf 91' lang='lat' dir='ltr'><strong>in</strong></span> <span class='ocrx_word' id='word_1_79' title='bbox 713 1000 809 1054; x_wconf 86' lang='lat' dir='ltr'><strong>officio¹</strong></span> <span class='ocrx_word' id='word_1_80' title='bbox 828 1003 982 1071; x_wconf 82' lang='lat' dir='ltr'><strong>courtineret,</strong></span> 
     </span>
     <span class='ocr_line' id='line_1_11' title="bbox 57 1067 983 1142; baseline 0.005 -22"><span class='ocrx_word' id='word_1_81' title='bbox 57 1085 89 1120; x_wconf 90' lang='lat' dir='ltr'><strong>ne</strong></span> <span class='ocrx_word' id='word_1_82' title='bbox 105 1072 198 1124; x_wconf 89' lang='lat' dir='ltr'><strong>omnis</strong></span> <span class='ocrx_word' id='word_1_83' title='bbox 217 1071 366 1124; x_wconf 82' lang='lat' dir='ltr'><strong>nobilitatis</strong></span> <span class='ocrx_word' id='word_1_84' title='bbox 382 1069 503 1122; x_wconf 87' lang='lat' dir='ltr'><strong>discessu</strong></span> <span class='ocrx_word' id='word_1_85' title='bbox 521 1067 598 1138; x_wconf 83' lang='lat' dir='ltr'><strong>plebe</strong></span> <span class='ocrx_word' id='word_1_86' title='bbox 609 1077 714 1142; x_wconf 88' lang='lat' dir='ltr'><strong>propter</strong></span> <span class='ocrx_word' id='word_1_87' title='bbox 726 1070 933 1140; x_wconf 89' lang='lat' dir='ltr'><strong>imprudentiam</strong></span> <span class='ocrx_word' id='word_1_88' title='bbox 945 1071 983 1125; x_wconf 87' lang='lat' dir='ltr'><strong>la·</strong></span> 
     </span>
     <span class='ocr_line' id='line_1_12' title="bbox 57 1136 983 1211; baseline 0.006 -22"><span class='ocrx_word' id='word_1_89' title='bbox 57 1136 182 1194; x_wconf 68' lang='lat' dir='ltr'><strong>beretur?</strong></span> <span class='ocrx_word' id='word_1_90' title='bbox 221 1142 318 1208; x_wconf 89' lang='lat' dir='ltr'><strong>ltaque</strong></span> <span class='ocrx_word' id='word_1_91' title='bbox 341 1155 402 1192; x_wconf 88' lang='lat' dir='ltr'><strong>esse</strong></span> <span class='ocrx_word' id='word_1_92' title='bbox 425 1140 563 1192; x_wconf 85' lang='lat' dir='ltr'><strong>civitatem</strong></span> <span class='ocrx_word' id='word_1_93' title='bbox 583 1139 610 1192; x_wconf 87' lang='lat' dir='ltr'><strong>in</strong></span> <span class='ocrx_word' id='word_1_94' title='bbox 630 1155 678 1190; x_wconf 86' lang='lat' dir='ltr'><strong>sua</strong></span> <span class='ocrx_word' id='word_1_95' title='bbox 698 1147 827 1208; x_wconf 75' lang='lat' dir='ltr'><strong>potestate</strong></span> <span class='ocrx_word' id='word_1_96' title='bbox 847 1157 938 1211; x_wconf 87' lang='lat' dir='ltr'><strong>seque,</strong></span> <span class='ocrx_word' id='word_1_97' title='bbox 959 1141 983 1194; x_wconf 92' lang='lat' dir='ltr'><strong>si</strong></span> 
     </span>
     <span class='ocr_line' id='line_1_13' title="bbox 57 1207 983 1288; baseline 0.005 -28"><span class='ocrx_word' id='word_1_98' title='bbox 57 1207 152 1262; x_wconf 84' lang='lat' dir='ltr'><strong>Caesar</strong></span> <span class='ocrx_word' id='word_1_99' title='bbox 169 1211 348 1288; x_wconf 86' lang='lat' dir='ltr'><strong>permitteret,</strong></span> <span class='ocrx_word' id='word_1_100' title='bbox 360 1209 394 1260; x_wconf 90' lang='lat' dir='ltr'><strong>ad</strong></span> <span class='ocrx_word' id='word_1_101' title='bbox 411 1224 475 1261; x_wconf 87' lang='lat' dir='ltr'><strong>oum</strong></span> <span class='ocrx_word' id='word_1_102' title='bbox 492 1209 518 1260; x_wconf 92' lang='lat' dir='ltr'><strong>in</strong></span> <span class='ocrx_word' id='word_1_103' title='bbox 536 1218 623 1262; x_wconf 89' lang='lat' dir='ltr'><strong>castra</strong></span> <span class='ocrx_word' id='word_1_104' title='bbox 638 1217 781 1262; x_wconf 81' lang='lat' dir='ltr'><strong>venturum</strong></span> <span class='ocrx_word' id='word_1_105' title='bbox 797 1219 823 1263; x_wconf 88' lang='lat' dir='ltr'><strong>et</strong></span> <span class='ocrx_word' id='word_1_106' title='bbox 840 1227 903 1264; x_wconf 83' lang='lat' dir='ltr'><strong>suas</strong></span> <span class='ocrx_word' id='word_1_107' title='bbox 919 1210 983 1265; x_wconf 77' lang='lat' dir='ltr'><strong>ciri·</strong></span> 
     </span>
     <span class='ocr_line' id='line_1_14' title="bbox 57 1277 671 1348; baseline 0.003 -20"><span class='ocrx_word' id='word_1_108' title='bbox 57 1279 169 1348; x_wconf 80' lang='lat' dir='ltr'><strong>ratisque</strong></span> <span class='ocrx_word' id='word_1_109' title='bbox 182 1281 307 1334; x_wconf 85' lang='lat' dir='ltr'><strong>fortunas</strong></span> <span class='ocrx_word' id='word_1_110' title='bbox 319 1295 378 1348; x_wconf 72' lang='lat' dir='ltr'><strong>ejus</strong></span> <span class='ocrx_word' id='word_1_111' title='bbox 388 1277 461 1330; x_wconf 85' lang='lat' dir='ltr'><strong>lirici¹</strong></span> <span class='ocrx_word' id='word_1_112' title='bbox 471 1277 671 1347; x_wconf 88' lang='lat' dir='ltr'><strong>permissurum.</strong></span> 
     </span>
    </p>

    <p class='ocr_par' dir='ltr' id='par_1_3' title="bbox 56 1346 982 2392">
     <span class='ocr_line' id='line_1_15' title="bbox 88 1346 981 1419; baseline 0.001 -19"><span class='ocrx_word' id='word_1_113' title='bbox 88 1353 113 1400; x_wconf 84' lang='grc'><strong>4.</strong></span> <span class='ocrx_word' id='word_1_114' title='bbox 130 1350 244 1419; x_wconf 84' lang='lat' dir='ltr'><strong>Caesar,</strong></span> <span class='ocrx_word' id='word_1_115' title='bbox 264 1349 314 1402; x_wconf 92' lang='lat' dir='ltr'><strong>etsi</strong></span> <span class='ocrx_word' id='word_1_116' title='bbox 339 1346 510 1416; x_wconf 72' lang='lat' dir='ltr'><strong>intelligebat,</strong></span> <span class='ocrx_word' id='word_1_117' title='bbox 528 1364 581 1417; x_wconf 89' lang='lat' dir='ltr'><strong>qua</strong></span> <span class='ocrx_word' id='word_1_118' title='bbox 604 1346 639 1400; x_wconf 92' lang='lat' dir='ltr'><strong>de</strong></span> <span class='ocrx_word' id='word_1_119' title='bbox 662 1363 743 1400; x_wconf 85' lang='lat' dir='ltr'><strong>causa</strong></span> <span class='ocrx_word' id='word_1_120' title='bbox 767 1363 800 1400; x_wconf 88' lang='lat' dir='ltr'><strong>ea</strong></span> <span class='ocrx_word' id='word_1_121' title='bbox 823 1349 981 1418; x_wconf 87' lang='lat' dir='ltr'><strong>dicerentur,</strong></span> 
     </span>
     <span class='ocr_line' id='line_1_16' title="bbox 56 1416 982 1489; baseline 0.003 -20"><span class='ocrx_word' id='word_1_122' title='bbox 56 1431 179 1488; x_wconf 82' lang='lat' dir='ltr'><strong>quaeque</strong></span> <span class='ocrx_word' id='word_1_123' title='bbox 201 1437 269 1472; x_wconf 91' lang='lat' dir='ltr'><strong>eum</strong></span> <span class='ocrx_word' id='word_1_124' title='bbox 287 1435 330 1470; x_wconf 84' lang='lat' dir='ltr'><strong>rea</strong></span> <span class='ocrx_word' id='word_1_125' title='bbox 344 1417 381 1470; x_wconf 90' lang='lat' dir='ltr'><strong>nb</strong></span> <span class='ocrx_word' id='word_1_126' title='bbox 399 1417 518 1469; x_wconf 85' lang='lat' dir='ltr'><strong>instituto</strong></span> <span class='ocrx_word' id='word_1_127' title='bbox 533 1416 644 1470; x_wconf 86' lang='lat' dir='ltr'><strong>consilio</strong></span> <span class='ocrx_word' id='word_1_128' title='bbox 660 1416 812 1482; x_wconf 89' lang='lat' dir='ltr'><strong>deterreret,</strong></span> <span class='ocrx_word' id='word_1_129' title='bbox 829 1427 927 1489; x_wconf 89' lang='lat' dir='ltr'><strong>tamen,</strong></span> <span class='ocrx_word' id='word_1_130' title='bbox 947 1435 982 1472; x_wconf 92' lang='lat' dir='ltr'><strong>ne</strong></span> 
     </span>
     <span class='ocr_line' id='line_1_17' title="bbox 56 1485 982 1555; baseline 0.005 -19"><span class='ocrx_word' id='word_1_131' title='bbox 56 1497 185 1541; x_wconf 84' lang='lat' dir='ltr'><strong>aestatem</strong></span> <span class='ocrx_word' id='word_1_132' title='bbox 209 1489 238 1541; x_wconf 89' lang='lat' dir='ltr'><strong>in</strong></span> <span class='ocrx_word' id='word_1_133' title='bbox 259 1487 374 1540; x_wconf 87' lang='lat' dir='ltr'><strong>Treviris</strong></span> <span class='ocrx_word' id='word_1_134' title='bbox 393 1503 549 1540; x_wconf 84' lang='lat' dir='ltr'><strong>consumere</strong></span> <span class='ocrx_word' id='word_1_135' title='bbox 569 1493 714 1555; x_wconf 79' lang='lat' dir='ltr'><strong>cogeretur,</strong></span> <span class='ocrx_word' id='word_1_136' title='bbox 732 1485 857 1540; x_wconf 88' lang='lat' dir='ltr'><strong>omnibus</strong></span> <span class='ocrx_word' id='word_1_137' title='bbox 874 1487 909 1540; x_wconf 83' lang='lat' dir='ltr'><strong>ad</strong></span> <span class='ocrx_word' id='word_1_138' title='bbox 927 1487 982 1541; x_wconf 88' lang='lat' dir='ltr'><strong>Bri·</strong></span> 
     </span>
     <span class='ocr_line' id='line_1_18' title="bbox 56 1555 982 1625; baseline 0.005 -19"><span class='ocrx_word' id='word_1_139' title='bbox 56 1557 193 1610; x_wconf 87' lang='lat' dir='ltr'><strong>tannicum</strong></span> <span class='ocrx_word' id='word_1_140' title='bbox 206 1555 311 1610; x_wconf 86' lang='lat' dir='ltr'><strong>bellurn</strong></span> <span class='ocrx_word' id='word_1_141' title='bbox 333 1556 413 1609; x_wconf 89' lang='lat' dir='ltr'><strong>rebus</strong></span> <span class='ocrx_word' id='word_1_142' title='bbox 431 1556 597 1625; x_wconf 87' lang='lat' dir='ltr'><strong>comparatis,</strong></span> <span class='ocrx_word' id='word_1_143' title='bbox 610 1555 819 1608; x_wconf 87' lang='lat' dir='ltr'><strong>Indutiomarum</strong></span> <span class='ocrx_word' id='word_1_144' title='bbox 830 1556 864 1608; x_wconf 86' lang='lat' dir='ltr'><strong>ad</strong></span> <span class='ocrx_word' id='word_1_145' title='bbox 877 1573 906 1608; x_wconf 87' lang='lat' dir='ltr'><strong>sc</strong></span> <span class='ocrx_word' id='word_1_146' title='bbox 919 1571 982 1612; x_wconf 88' lang='lat' dir='ltr'><strong>cum</strong></span> 
     </span>
     <span class='ocr_line' id='line_1_19' title="bbox 57 1623 981 1695; baseline 0.002 -19"><span class='ocrx_word' id='word_1_147' title='bbox 57 1624 179 1681; x_wconf 85' lang='lat' dir='ltr'><strong>ducentis</strong></span> <span class='ocrx_word' id='word_1_148' title='bbox 206 1627 344 1680; x_wconf 86' lang='lat' dir='ltr'><strong>obsidibus</strong></span> <span class='ocrx_word' id='word_1_149' title='bbox 363 1626 453 1694; x_wconf 69' lang='lat' dir='ltr'><strong>uenire</strong></span> <span class='ocrx_word' id='word_1_150' title='bbox 475 1626 561 1695; x_wconf 78' lang='lat' dir='ltr'><strong>jussit.</strong></span> <span class='ocrx_word' id='word_1_151' title='bbox 598 1625 647 1677; x_wconf 86' lang='lat' dir='ltr'><strong>llis</strong></span> <span class='ocrx_word' id='word_1_152' title='bbox 669 1623 801 1694; x_wconf 82' lang='lat' dir='ltr'><strong>adductis,</strong></span> <span class='ocrx_word' id='word_1_153' title='bbox 823 1625 848 1677; x_wconf 93' lang='lat' dir='ltr'><strong>in</strong></span> <span class='ocrx_word' id='word_1_154' title='bbox 871 1625 904 1678; x_wconf 90' lang='lat' dir='ltr'><strong>iis</strong></span> <span class='ocrx_word' id='word_1_155' title='bbox 927 1625 981 1678; x_wconf 89' lang='lat' dir='ltr'><strong>filio</strong></span> 
     </span>
     <span class='ocr_line' id='line_1_20' title="bbox 57 1693 982 1767; baseline 0.001 -20"><span class='ocrx_word' id='word_1_156' title='bbox 57 1697 266 1767; x_wconf 62' lang='lat' dir='ltr'><strong>propinquisque</strong></span> <span class='ocrx_word' id='word_1_157' title='bbox 279 1695 339 1766; x_wconf 82' lang='lat' dir='ltr'><strong>ejus</strong></span> <span class='ocrx_word' id='word_1_158' title='bbox 350 1695 480 1764; x_wconf 64' lang='lat' dir='ltr'><strong>omnibus,</strong></span> <span class='ocrx_word' id='word_1_159' title='bbox 493 1711 561 1764; x_wconf 86' lang='lat' dir='ltr'><strong>quos</strong></span> <span class='ocrx_word' id='word_1_160' title='bbox 572 1693 728 1747; x_wconf 86' lang='lat' dir='ltr'><strong>nominatim</strong></span> <span class='ocrx_word' id='word_1_161' title='bbox 740 1703 906 1764; x_wconf 75' lang='lat' dir='ltr'><strong>evocaverat,</strong></span> <span class='ocrx_word' id='word_1_162' title='bbox 920 1711 982 1748; x_wconf 88' lang='lat' dir='ltr'><strong>oon·</strong></span> 
     </span>
     <span class='ocr_line' id='line_1_21' title="bbox 58 1763 981 1834; baseline 0.002 -18"><span class='ocrx_word' id='word_1_163' title='bbox 58 1765 155 1820; x_wconf 85' lang='lat' dir='ltr'><strong>solatus</strong></span> <span class='ocrx_word' id='word_1_164' title='bbox 177 1767 388 1821; x_wconf 88' lang='lat' dir='ltr'><strong>indutiomarum</strong></span> <span class='ocrx_word' id='word_1_165' title='bbox 399 1763 581 1833; x_wconf 73' lang='lat' dir='ltr'><strong>&#39;hortatusque</strong></span> <span class='ocrx_word' id='word_1_166' title='bbox 600 1771 649 1833; x_wconf 88' lang='lat' dir='ltr'><strong>est,</strong></span> <span class='ocrx_word' id='word_1_167' title='bbox 667 1763 705 1818; x_wconf 91' lang='lat' dir='ltr'><strong>uti</strong></span> <span class='ocrx_word' id='word_1_168' title='bbox 724 1763 751 1816; x_wconf 92' lang='lat' dir='ltr'><strong>in</strong></span> <span class='ocrx_word' id='word_1_169' title='bbox 771 1763 859 1817; x_wconf 88' lang='lat' dir='ltr'><strong>officio</strong></span> <span class='ocrx_word' id='word_1_170' title='bbox 878 1779 981 1834; x_wconf 89' lang='lat' dir='ltr'><strong>perma-</strong></span> 
     </span>
     <span class='ocr_line' id='line_1_22' title="bbox 57 1831 981 1912; baseline 0.002 -26"><span class='ocrx_word' id='word_1_171' title='bbox 57 1846 146 1890; x_wconf 85' lang='lat' dir='ltr'><strong>neret:</strong></span> <span class='ocrx_word' id='word_1_172' title='bbox 167 1835 254 1892; x_wconf 90' lang='lat' dir='ltr'><strong>nihilo</strong></span> <span class='ocrx_word' id='word_1_173' title='bbox 266 1839 356 1888; x_wconf 87' lang='lat' dir='ltr'><strong>tamen</strong></span> <span class='ocrx_word' id='word_1_174' title='bbox 374 1834 462 1887; x_wconf 84' lang='lat' dir='ltr'><strong>secius</strong></span> <span class='ocrx_word' id='word_1_175' title='bbox 474 1831 638 1912; x_wconf 89' lang='lat' dir='ltr'><strong>principibus</strong></span> <span class='ocrx_word' id='word_1_176' title='bbox 649 1832 818 1888; x_wconf 82' lang='lat' dir='ltr'><strong>Trevirorum</strong></span> <span class='ocrx_word' id='word_1_177' title='bbox 830 1833 864 1887; x_wconf 90' lang='lat' dir='ltr'><strong>ad</strong></span> <span class='ocrx_word' id='word_1_178' title='bbox 878 1851 907 1888; x_wconf 89' lang='lat' dir='ltr'><strong>se</strong></span> <span class='ocrx_word' id='word_1_179' title='bbox 919 1849 981 1888; x_wconf 87' lang='lat' dir='ltr'><strong>cou-</strong></span> 
     </span>
     <span class='ocr_line' id='line_1_23' title="bbox 57 1902 980 1977; baseline 0.004 -21"><span class='ocrx_word' id='word_1_180' title='bbox 57 1908 165 1977; x_wconf 85' lang='lat' dir='ltr'><strong>rocatis,</strong></span> <span class='ocrx_word' id='word_1_181' title='bbox 190 1907 239 1959; x_wconf 87' lang='lat' dir='ltr'><strong>hos</strong></span> <span class='ocrx_word' id='word_1_182' title='bbox 260 1904 413 1972; x_wconf 86' lang='lat' dir='ltr'><strong>singillatim</strong></span> <span class='ocrx_word' id='word_1_183' title='bbox 435 1902 595 1972; x_wconf 78' lang='lat' dir='ltr'><strong>Cingetorigi</strong></span> <span class='ocrx_word' id='word_1_184' title='bbox 616 1903 783 1956; x_wconf 85' lang='lat' dir='ltr'><strong>conciliavit:</strong></span> <span class='ocrx_word' id='word_1_185' title='bbox 807 1904 877 1975; x_wconf 92' lang='lat' dir='ltr'><strong>quod</strong></span> <span class='ocrx_word' id='word_1_186' title='bbox 896 1921 980 1975; x_wconf 88' lang='lat' dir='ltr'><strong>quum</strong></span> 
     </span>
     <span class='ocr_line' id='line_1_24' title="bbox 58 1971 979 2046; baseline 0.003 -20"><span class='ocrx_word' id='word_1_187' title='bbox 58 1978 151 2029; x_wconf 87' lang='lat' dir='ltr'><strong>merito</strong></span> <span class='ocrx_word' id='word_1_188' title='bbox 165 1976 236 2046; x_wconf 78' lang='lat' dir='ltr'><strong>ejus*</strong></span> <span class='ocrx_word' id='word_1_189' title='bbox 247 1973 283 2027; x_wconf 89' lang='lat' dir='ltr'><strong>ab</strong></span> <span class='ocrx_word' id='word_1_190' title='bbox 295 1991 324 2026; x_wconf 84' lang='lat' dir='ltr'><strong>se</strong></span> <span class='ocrx_word' id='word_1_191' title='bbox 336 1974 392 2027; x_wconf 88' lang='lat' dir='ltr'><strong>lieri</strong></span> <span class='ocrx_word' id='word_1_192' title='bbox 404 1971 576 2041; x_wconf 86' lang='lat' dir='ltr'><strong>intelligebat,</strong></span> <span class='ocrx_word' id='word_1_193' title='bbox 590 1981 646 2025; x_wconf 90' lang='lat' dir='ltr'><strong>tum</strong></span> <span class='ocrx_word' id='word_1_194' title='bbox 660 1974 750 2042; x_wconf 87' lang='lat' dir='ltr'><strong>magni</strong></span> <span class='ocrx_word' id='word_1_195' title='bbox 764 1974 892 2028; x_wconf 86' lang='lat' dir='ltr'><strong>interesse</strong></span> <span class='ocrx_word' id='word_1_196' title='bbox 910 1975 979 2030; x_wconf 85' lang='lat' dir='ltr'><strong>arbi·</strong></span> 
     </span>
     <span class='ocr_line' id='line_1_25' title="bbox 59 2043 978 2116; baseline 0.003 -20"><span class='ocrx_word' id='word_1_197' title='bbox 59 2045 184 2114; x_wconf 84' lang='lat' dir='ltr'><strong>trabatur,</strong></span> <span class='ocrx_word' id='word_1_198' title='bbox 199 2044 258 2114; x_wconf 67' lang='lat' dir='ltr'><strong>eius</strong></span> <span class='ocrx_word' id='word_1_199' title='bbox 275 2044 459 2096; x_wconf 87' lang='lat' dir='ltr'><strong>auctoritatem</strong></span> <span class='ocrx_word' id='word_1_200' title='bbox 472 2043 545 2094; x_wconf 84' lang='lat' dir='ltr'><strong>inter</strong></span> <span class='ocrx_word' id='word_1_201' title='bbox 557 2057 619 2094; x_wconf 83' lang='lat' dir='ltr'><strong>suos</strong></span> <span class='ocrx_word' id='word_1_202' title='bbox 629 2059 710 2112; x_wconf 90' lang='lat' dir='ltr'><strong>quam</strong></span> <span class='ocrx_word' id='word_1_203' title='bbox 723 2043 869 2114; x_wconf 87' lang='lat' dir='ltr'><strong>plurimum</strong></span> <span class='ocrx_word' id='word_1_204' title='bbox 881 2045 978 2116; x_wconf 83' lang='lat' dir='ltr'><strong>valere,</strong></span> 
     </span>
     <span class='ocr_line' id='line_1_26' title="bbox 58 2111 979 2184; baseline 0.002 -18"><span class='ocrx_word' id='word_1_205' title='bbox 58 2114 134 2184; x_wconf 80' lang='lat' dir='ltr'><strong>cujus</strong></span> <span class='ocrx_word' id='word_1_206' title='bbox 152 2125 210 2168; x_wconf 88' lang='lat' dir='ltr'><strong>tam</strong></span> <span class='ocrx_word' id='word_1_207' title='bbox 227 2114 362 2182; x_wconf 85' lang='lat' dir='ltr'><strong>egregiam</strong></span> <span class='ocrx_word' id='word_1_208' title='bbox 378 2113 404 2165; x_wconf 92' lang='lat' dir='ltr'><strong>in</strong></span> <span class='ocrx_word' id='word_1_209' title='bbox 423 2128 453 2164; x_wconf 88' lang='lat' dir='ltr'><strong>se</strong></span> <span class='ocrx_word' id='word_1_210' title='bbox 469 2111 635 2164; x_wconf 84' lang='lat' dir='ltr'><strong>voluntatem</strong></span> <span class='ocrx_word' id='word_1_211' title='bbox 654 2115 840 2183; x_wconf 80' lang='lat' dir='ltr'><strong>perspexisset.</strong></span> <span class='ocrx_word' id='word_1_212' title='bbox 877 2114 907 2168; x_wconf 94' lang='lat' dir='ltr'><strong>ld</strong></span> <span class='ocrx_word' id='word_1_213' title='bbox 925 2115 979 2169; x_wconf 86' lang='lat' dir='ltr'><strong>iac·</strong></span> 
     </span>
     <span class='ocr_line' id='line_1_27' title="bbox 59 2181 980 2260; baseline 0.004 -25"><span class='ocrx_word' id='word_1_214' title='bbox 59 2187 122 2237; x_wconf 78' lang='lat' dir='ltr'><strong>tum⁵</strong></span> <span class='ocrx_word' id='word_1_215' title='bbox 140 2184 260 2254; x_wconf 85' lang='lat' dir='ltr'><strong>graviter</strong></span> <span class='ocrx_word' id='word_1_216' title='bbox 284 2182 342 2235; x_wconf 87' lang='lat' dir='ltr'><strong>tulit</strong></span> <span class='ocrx_word' id='word_1_217' title='bbox 366 2181 567 2260; x_wconf 87' lang='lat' dir='ltr'><strong>Indutiomarus,</strong></span> <span class='ocrx_word' id='word_1_218' title='bbox 592 2197 669 2235; x_wconf 87' lang='lat' dir='ltr'><strong>suem</strong></span> <span class='ocrx_word' id='word_1_219' title='bbox 691 2185 804 2250; x_wconf 84' lang='lat' dir='ltr'><strong>gratiam</strong></span> <span class='ocrx_word' id='word_1_220' title='bbox 828 2185 896 2238; x_wconf 91' lang='lat' dir='ltr'><strong>inter</strong></span> <span class='ocrx_word' id='word_1_221' title='bbox 918 2201 980 2239; x_wconf 86' lang='lat' dir='ltr'><strong>suos</strong></span> 
     </span>
     <span class='ocr_line' id='line_1_28' title="bbox 58 2251 979 2325; baseline 0.002 -19"><span class='ocrx_word' id='word_1_222' title='bbox 58 2255 150 2325; x_wconf 89' lang='lat' dir='ltr'><strong>minui,</strong></span> <span class='ocrx_word' id='word_1_223' title='bbox 165 2266 193 2306; x_wconf 90' lang='lat' dir='ltr'><strong>et</strong></span> <span class='ocrx_word' id='word_1_224' title='bbox 213 2253 259 2322; x_wconf 91' lang='lat' dir='ltr'><strong>qui</strong></span> <span class='ocrx_word' id='word_1_225' title='bbox 277 2252 334 2320; x_wconf 80' lang='lat' dir='ltr'><strong>jam</strong></span> <span class='ocrx_word' id='word_1_226' title='bbox 354 2261 415 2304; x_wconf 86' lang='lat' dir='ltr'><strong>ante</strong></span> <span class='ocrx_word' id='word_1_227' title='bbox 437 2251 545 2304; x_wconf 89' lang='lat' dir='ltr'><strong>inimico</strong></span> <span class='ocrx_word' id='word_1_228' title='bbox 560 2267 586 2302; x_wconf 88' lang='lat' dir='ltr'><strong>rn</strong></span> <span class='ocrx_word' id='word_1_229' title='bbox 606 2267 655 2304; x_wconf 87' lang='lat' dir='ltr'><strong>nos</strong></span> <span class='ocrx_word' id='word_1_230' title='bbox 673 2252 763 2305; x_wconf 84' lang='lat' dir='ltr'><strong>animo</strong></span> <span class='ocrx_word' id='word_1_231' title='bbox 779 2253 880 2322; x_wconf 82' lang='lat' dir='ltr'><strong>luisset,</strong></span> <span class='ocrx_word' id='word_1_232' title='bbox 895 2256 979 2308; x_wconf 87' lang='lat' dir='ltr'><strong>multo</strong></span> 
     </span>
     <span class='ocr_line' id='line_1_29' title="bbox 58 2319 444 2392; baseline -0.016 -14"><span class='ocrx_word' id='word_1_233' title='bbox 58 2325 164 2392; x_wconf 67' lang='lat' dir='ltr'><strong>granna</strong></span> <span class='ocrx_word' id='word_1_234' title='bbox 175 2323 227 2376; x_wconf 90' lang='lat' dir='ltr'><strong>hoo</strong></span> <span class='ocrx_word' id='word_1_235' title='bbox 238 2323 327 2375; x_wconf 85' lang='lat' dir='ltr'><strong>dolore</strong></span> <span class='ocrx_word' id='word_1_236' title='bbox 338 2319 444 2374; x_wconf 82' lang='lat' dir='ltr'><strong>exarsit.</strong></span> 
     </span>
    </p>

    <p class='ocr_par' dir='ltr' id='par_1_4' title="bbox 90 2388 978 2467">
     <span class='ocr_line' id='line_1_30' title="bbox 90 2388 978 2467; baseline -0.001 -20"><span class='ocrx_word' id='word_1_237' title='bbox 90 2399 115 2447; x_wconf 85' lang='grc'><strong>5.</strong></span> <span class='ocrx_word' id='word_1_238' title='bbox 136 2394 186 2447; x_wconf 88' lang='lat' dir='ltr'><strong>His</strong></span> <span class='ocrx_word' id='word_1_239' title='bbox 202 2393 282 2446; x_wconf 85' lang='lat' dir='ltr'><strong>rebus</strong></span> <span class='ocrx_word' id='word_1_240' title='bbox 298 2391 453 2460; x_wconf 86' lang='lat' dir='ltr'><strong>constitutis,</strong></span> <span class='ocrx_word' id='word_1_241' title='bbox 467 2391 565 2444; x_wconf 83' lang='lat' dir='ltr'><strong>Caesar</strong></span> <span class='ocrx_word' id='word_1_242' title='bbox 579 2388 614 2443; x_wconf 90' lang='lat' dir='ltr'><strong>ad</strong></span> <span class='ocrx_word' id='word_1_243' title='bbox 635 2399 740 2460; x_wconf 89' lang='lat' dir='ltr'><strong>portum</strong></span> <span class='ocrx_word' id='word_1_244' title='bbox 759 2389 840 2444; x_wconf 89' lang='lat' dir='ltr'><strong>Itium</strong></span> <span class='ocrx_word' id='word_1_245' title='bbox 859 2407 921 2446; x_wconf 89' lang='lat' dir='ltr'><strong>curn</strong></span> <span class='ocrx_word' id='word_1_246' title='bbox 941 2391 978 2467; x_wconf 65' lang='lat' dir='ltr'><strong>le,-</strong></span> 
     </span>
    </p>
   </div>
   <div class='ocr_carea' id='block_1_3' title="bbox 59 2609 979 2869">
    <p class='ocr_par' dir='ltr' id='par_1_5' title="bbox 59 2609 979 2869">
     <span class='ocr_line' id='line_1_31' title="bbox 59 2609 977 2726; baseline -0.009 -58"><span class='ocrx_word' id='word_1_247' title='bbox 59 2619 88 2726; x_wconf 66' lang='lat' dir='ltr'><strong>qi.</strong></span> <span class='ocrx_word' id='word_1_248' title='bbox 100 2623 140 2676; x_wconf 83' lang='lat'><strong>29,</strong></span> <span class='ocrx_word' id='word_1_249' title='bbox 154 2621 191 2666; x_wconf 83' lang='lat'><strong>33.</strong></span> <span class='ocrx_word' id='word_1_250' title='bbox 223 2616 248 2664; x_wconf 94' lang='lat' dir='ltr'>A</span> <span class='ocrx_word' id='word_1_251' title='bbox 259 2614 355 2676; x_wconf 91' lang='lat' dir='ltr'><strong>portion</strong></span> <span class='ocrx_word' id='word_1_252' title='bbox 364 2613 392 2663; x_wconf 91' lang='lat' dir='ltr'><strong>os</strong></span> <span class='ocrx_word' id='word_1_253' title='bbox 404 2613 422 2662; x_wconf 90' lang='lat' dir='ltr'><strong>it</strong></span> <span class='ocrx_word' id='word_1_254' title='bbox 433 2613 483 2662; x_wconf 83' lang='lat' dir='ltr'><strong>still</strong></span> <span class='ocrx_word' id='word_1_255' title='bbox 494 2613 580 2670; x_wconf 84' lang='lat' dir='ltr'><strong>existe,</strong></span> <span class='ocrx_word' id='word_1_256' title='bbox 593 2610 693 2672; x_wconf 83' lang='lat' dir='ltr'><strong>bearing</strong></span> <span class='ocrx_word' id='word_1_257' title='bbox 703 2609 744 2658; x_wconf 89' lang='lat' dir='ltr'><strong>the</strong></span> <span class='ocrx_word' id='word_1_258' title='bbox 755 2623 827 2658; x_wconf 87' lang='lat' dir='ltr'><strong>namo</strong></span> <span class='ocrx_word' id='word_1_259' title='bbox 836 2609 865 2658; x_wconf 85' lang='lat' dir='ltr'><strong>ol</strong></span> <span class='ocrx_word' id='word_1_260' title='bbox 876 2609 917 2660; x_wconf 86' lang='lat' dir='ltr'><strong>the</strong></span> <span class='ocrx_word' id='word_1_261' title='bbox 928 2612 977 2664; x_wconf 80' lang='lat' dir='ltr'><strong>Ar-</strong></span> 
     </span>
     <span class='ocr_line' id='line_1_32' title="bbox 74 2677 979 2814; baseline -0.008 -13"><span class='ocrx_word' id='word_1_262' title='bbox 74 2677 362 2814; x_wconf 42' lang='lat' dir='ltr'><strong>eptgffigzeqthoequemly</strong></span> <span class='ocrx_word' id='word_1_263' title='bbox 372 2743 417 2796; x_wconf 86' lang='lat' dir='ltr'><strong>be&#39;s</strong></span> <span class='ocrx_word' id='word_1_264' title='bbox 427 2747 468 2796; x_wconf 88' lang='lat' dir='ltr'><strong>the</strong></span> <span class='ocrx_word' id='word_1_265' title='bbox 484 2745 597 2806; x_wconf 84' lang='lat' dir='ltr'><strong>meaning</strong></span> <span class='ocrx_word' id='word_1_266' title='bbox 613 2743 641 2793; x_wconf 85' lang='lat' dir='ltr'><strong>oi</strong></span> <span class='ocrx_word' id='word_1_267' title='bbox 655 2742 819 2800; x_wconf 88' lang='lat' dir='ltr'><strong>‘obedience,’</strong></span> <span class='ocrx_word' id='word_1_268' title='bbox 832 2744 979 2808; x_wconf 81' lang='lat' dir='ltr'><strong>comprieing</strong></span> 
     </span>
     <span class='ocr_line' id='line_1_33' title="bbox 60 2805 773 2869; baseline -0.01 -11"><span class='ocrx_word' id='word_1_269' title='bbox 60 2810 90 2860; x_wconf 88' lang='lat' dir='ltr'><strong>all</strong></span> <span class='ocrx_word' id='word_1_270' title='bbox 101 2811 154 2859; x_wconf 85' lang='lat' dir='ltr'><strong>that</strong></span> <span class='ocrx_word' id='word_1_271' title='bbox 166 2827 181 2858; x_wconf 89' lang='lat' dir='ltr'><strong>a</strong></span> <span class='ocrx_word' id='word_1_272' title='bbox 190 2825 278 2869; x_wconf 88' lang='lat' dir='ltr'><strong>person</strong></span> <span class='ocrx_word' id='word_1_273' title='bbox 289 2809 309 2855; x_wconf 86' lang='lat' dir='ltr'><strong>is</strong></span> <span class='ocrx_word' id='word_1_274' title='bbox 320 2806 401 2855; x_wconf 90' lang='lat' dir='ltr'><strong>bound</strong></span> <span class='ocrx_word' id='word_1_275' title='bbox 411 2816 438 2855; x_wconf 92' lang='lat' dir='ltr'><strong>to</strong></span> <span class='ocrx_word' id='word_1_276' title='bbox 448 2806 479 2855; x_wconf 94' lang='lat' dir='ltr'><strong>do</strong></span> <span class='ocrx_word' id='word_1_277' title='bbox 489 2808 522 2866; x_wconf 83' lang='lat' dir='ltr'><strong>by</strong></span> <span class='ocrx_word' id='word_1_278' title='bbox 531 2805 577 2859; x_wconf 80' lang='lat' dir='ltr'><strong>law</strong></span> <span class='ocrx_word' id='word_1_279' title='bbox 589 2820 616 2852; x_wconf 90' lang='lat' dir='ltr'><strong>or</strong></span> <span class='ocrx_word' id='word_1_280' title='bbox 626 2812 773 2866; x_wconf 84' lang='lat' dir='ltr'><strong>agreement.</strong></span> 
     </span>
    </p>
   </div>
   <div class='ocr_carea' id='block_1_4' title="bbox 61 2875 977 3002">
    <p class='ocr_par' dir='ltr' id='par_1_6' title="bbox 61 2875 977 3002">
     <span class='ocr_line' id='line_1_34' title="bbox 86 2875 977 2944; baseline -0.007 -11"><span class='ocrx_word' id='word_1_281' title='bbox 86 2885 191 2940; x_wconf 60' lang='lat' dir='ltr'><strong>’Mica</strong></span> <span class='ocrx_word' id='word_1_282' title='bbox 205 2889 246 2931; x_wconf 90' lang='lat' dir='ltr'><strong>‘to</strong></span> <span class='ocrx_word' id='word_1_283' title='bbox 256 2881 329 2944; x_wconf 85' lang='lat' dir='ltr'><strong>glide’</strong></span> <span class='ocrx_word' id='word_1_284' title='bbox 340 2897 367 2930; x_wconf 91' lang='lat' dir='ltr'><strong>or</strong></span> <span class='ocrx_word' id='word_1_285' title='bbox 377 2880 437 2940; x_wconf 87' lang='lat' dir='ltr'><strong>‘elip</strong></span> <span class='ocrx_word' id='word_1_286' title='bbox 446 2881 462 2938; x_wconf 87' lang='lat'><strong>;’</strong></span> <span class='ocrx_word' id='word_1_287' title='bbox 477 2879 582 2939; x_wconf 84' lang='lat' dir='ltr'><strong>namely‚</strong></span> <span class='ocrx_word' id='word_1_288' title='bbox 591 2877 654 2926; x_wconf 75' lang='lat' dir='ltr'><strong>from</strong></span> <span class='ocrx_word' id='word_1_289' title='bbox 664 2878 705 2926; x_wconf 91' lang='lat' dir='ltr'><strong>the</strong></span> <span class='ocrx_word' id='word_1_290' title='bbox 716 2876 774 2938; x_wconf 88' lang='lat' dir='ltr'><strong>path</strong></span> <span class='ocrx_word' id='word_1_291' title='bbox 784 2876 812 2926; x_wconf 92' lang='lat' dir='ltr'><strong>ol</strong></span> <span class='ocrx_word' id='word_1_292' title='bbox 818 2875 885 2940; x_wconf 86' lang='lat' dir='ltr'><strong>duty.</strong></span> <span class='ocrx_word' id='word_1_293' title='bbox 907 2877 977 2928; x_wconf 83' lang='lat' dir='ltr'><strong>Plebs</strong></span> 
     </span>
     <span class='ocr_line' id='line_1_35' title="bbox 61 2937 896 3002; baseline -0.011 -7"><span class='ocrx_word' id='word_1_294' title='bbox 61 2946 148 2995; x_wconf 82' lang='lat' dir='ltr'><strong>iehare</strong></span> <span class='ocrx_word' id='word_1_295' title='bbox 162 2943 202 2991; x_wconf 88' lang='lat' dir='ltr'><strong>the</strong></span> <span class='ocrx_word' id='word_1_296' title='bbox 213 2941 308 3002; x_wconf 68' lang='lat' dir='ltr'><strong>peonio,</strong></span> <span class='ocrx_word' id='word_1_297' title='bbox 321 2957 348 2988; x_wconf 87' lang='lat' dir='ltr'><strong>as</strong></span> <span class='ocrx_word' id='word_1_298' title='bbox 359 2939 457 2988; x_wconf 85' lang='lat' dir='ltr'><strong>distinct</strong></span> <span class='ocrx_word' id='word_1_299' title='bbox 468 2938 530 2987; x_wconf 84' lang='lat' dir='ltr'><strong>from</strong></span> <span class='ocrx_word' id='word_1_300' title='bbox 540 2939 582 2986; x_wconf 87' lang='lat' dir='ltr'><strong>the</strong></span> <span class='ocrx_word' id='word_1_301' title='bbox 593 2937 696 2998; x_wconf 85' lang='lat' dir='ltr'><strong>nobility</strong></span> <span class='ocrx_word' id='word_1_302' title='bbox 706 2952 733 2985; x_wconf 91' lang='lat' dir='ltr'><strong>or</strong></span> <span class='ocrx_word' id='word_1_303' title='bbox 743 2937 896 2999; x_wconf 86' lang='lat' dir='ltr'><strong>aristoctacy.</strong></span> 
     </span>
    </p>
   </div>
   <div class='ocr_carea' id='block_1_5' title="bbox 62 3010 978 3128">
    <p class='ocr_par' dir='ltr' id='par_1_7' title="bbox 62 3010 978 3128">
     <span class='ocr_line' id='line_1_36' title="bbox 88 3010 978 3077; baseline -0.009 -8"><span class='ocrx_word' id='word_1_304' title='bbox 88 3017 224 3077; x_wconf 85' lang='lat' dir='ltr'><strong>¹Name1y,</strong></span> <span class='ocrx_word' id='word_1_305' title='bbox 238 3026 263 3064; x_wconf 92' lang='lat' dir='ltr'><strong>to</strong></span> <span class='ocrx_word' id='word_1_306' title='bbox 273 3015 315 3064; x_wconf 87' lang='lat' dir='ltr'><strong>the</strong></span> <span class='ocrx_word' id='word_1_307' title='bbox 325 3016 397 3076; x_wconf 79' lang='lat' dir='ltr'><strong>fider,</strong></span> <span class='ocrx_word' id='word_1_308' title='bbox 410 3028 437 3062; x_wconf 88' lang='lat' dir='ltr'><strong>or</strong></span> <span class='ocrx_word' id='word_1_309' title='bbox 447 3011 525 3062; x_wconf 88' lang='lat' dir='ltr'><strong>virtue</strong></span> <span class='ocrx_word' id='word_1_310' title='bbox 536 3010 582 3060; x_wconf 89' lang='lat' dir='ltr'><strong>and</strong></span> <span class='ocrx_word' id='word_1_311' title='bbox 592 3011 696 3071; x_wconf 86' lang='lat' dir='ltr'><strong>bonesty</strong></span> <span class='ocrx_word' id='word_1_312' title='bbox 706 3010 787 3059; x_wconf 84' lang='lat' dir='ltr'><strong>which</strong></span> <span class='ocrx_word' id='word_1_313' title='bbox 798 3010 978 3061; x_wconf 79' lang='lat' dir='ltr'><strong>indutiomarus</strong></span> 
     </span>
     <span class='ocr_line' id='line_1_37' title="bbox 62 3071 702 3128; baseline -0.017 0"><span class='ocrx_word' id='word_1_314' title='bbox 62 3077 171 3128; x_wconf 89' lang='lat' dir='ltr'><strong>believed</strong></span> <span class='ocrx_word' id='word_1_315' title='bbox 181 3086 208 3124; x_wconf 90' lang='lat' dir='ltr'><strong>to</strong></span> <span class='ocrx_word' id='word_1_316' title='bbox 218 3075 282 3124; x_wconf 88' lang='lat' dir='ltr'><strong>exist</strong></span> <span class='ocrx_word' id='word_1_317' title='bbox 293 3075 318 3122; x_wconf 91' lang='lat' dir='ltr'><strong>in</strong></span> <span class='ocrx_word' id='word_1_318' title='bbox 329 3074 427 3122; x_wconf 88' lang='lat' dir='ltr'><strong>Caesar.</strong></span> <span class='ocrx_word' id='word_1_319' title='bbox 459 3072 506 3120; x_wconf 82' lang='lat' dir='ltr'><strong>See</strong></span> <span class='ocrx_word' id='word_1_320' title='bbox 517 3071 549 3119; x_wconf 82' lang='lat' dir='ltr'><strong>iv.</strong></span> <span class='ocrx_word' id='word_1_321' title='bbox 560 3073 598 3128; x_wconf 78' lang='lat' dir='ltr'><strong>at,</strong></span> <span class='ocrx_word' id='word_1_322' title='bbox 611 3080 668 3119; x_wconf 89' lang='lat' dir='ltr'><strong>note</strong></span> <span class='ocrx_word' id='word_1_323' title='bbox 678 3071 702 3118; x_wconf 85' lang='grc'><strong>4.</strong></span> 
     </span>
    </p>
   </div>
   <div class='ocr_carea' id='block_1_6' title="bbox 62 3147 977 3350">
    <p class='ocr_par' dir='ltr' id='par_1_8' title="bbox 62 3147 977 3350">
     <span class='ocr_line' id='line_1_38' title="bbox 90 3147 409 3210; baseline -0.022 -9"><span class='ocrx_word' id='word_1_324' title='bbox 90 3149 225 3210; x_wconf 79' lang='lat' dir='ltr'><strong>¹Namoly,</strong></span> <span class='ocrx_word' id='word_1_325' title='bbox 241 3147 409 3210; x_wconf 81' lang='lat' dir='ltr'><strong>Cingetorigis.</strong></span> 
     </span>
     <span class='ocr_line' id='line_1_39' title="bbox 88 3214 973 3283; baseline -0.011 -9"><span class='ocrx_word' id='word_1_326' title='bbox 88 3225 163 3274; x_wconf 78' lang='lat' dir='ltr'><strong>&#39;The</strong></span> <span class='ocrx_word' id='word_1_327' title='bbox 170 3222 237 3270; x_wconf 89' lang='lat' dir='ltr'><strong>word</strong></span> <span class='ocrx_word' id='word_1_328' title='bbox 246 3222 369 3283; x_wconf 52' lang='lat' dir='ltr'><strong>&amp;sumam</strong></span> <span class='ocrx_word' id='word_1_329' title='bbox 377 3221 398 3268; x_wconf 87' lang='lat' dir='ltr'><strong>is</strong></span> <span class='ocrx_word' id='word_1_330' title='bbox 406 3217 533 3280; x_wconf 84' lang='lat' dir='ltr'><strong>explained</strong></span> <span class='ocrx_word' id='word_1_331' title='bbox 542 3219 574 3278; x_wconf 83' lang='lat' dir='ltr'><strong>by</strong></span> <span class='ocrx_word' id='word_1_332' title='bbox 581 3215 623 3265; x_wconf 91' lang='lat' dir='ltr'><strong>the</strong></span> <span class='ocrx_word' id='word_1_333' title='bbox 631 3214 712 3264; x_wconf 88' lang='lat' dir='ltr'><strong>clause</strong></span> <span class='ocrx_word' id='word_1_334' title='bbox 721 3217 904 3278; x_wconf 79' lang='lat' dir='ltr'><strong>soamgratiortr,</strong></span> <span class='ocrx_word' id='word_1_335' title='bbox 915 3215 973 3276; x_wconf 76' lang='lat' dir='ltr'><strong>dec.¹</strong></span> 
     </span>
     <span class='ocr_line' id='line_1_40' title="bbox 62 3275 977 3350; baseline -0.01 -15"><span class='ocrx_word' id='word_1_336' title='bbox 62 3285 100 3334; x_wconf 91' lang='lat' dir='ltr'><strong>the</strong></span> <span class='ocrx_word' id='word_1_337' title='bbox 112 3283 180 3332; x_wconf 88' lang='lat' dir='ltr'><strong>word</strong></span> <span class='ocrx_word' id='word_1_338' title='bbox 188 3283 283 3350; x_wconf 80' lang='lat' dir='ltr'><strong>sactum</strong></span> <span class='ocrx_word' id='word_1_339' title='bbox 293 3281 366 3350; x_wconf 82' lang='lat' dir='ltr'><strong>being</strong></span> <span class='ocrx_word' id='word_1_340' title='bbox 376 3279 417 3326; x_wconf 90' lang='lat' dir='ltr'><strong>the</strong></span> <span class='ocrx_word' id='word_1_341' title='bbox 429 3275 525 3350; x_wconf 79' lang='lat' dir='ltr'><strong>general</strong></span> <span class='ocrx_word' id='word_1_342' title='bbox 537 3290 564 3324; x_wconf 89' lang='lat' dir='ltr'><strong>or</strong></span> <span class='ocrx_word' id='word_1_343' title='bbox 574 3277 679 3334; x_wconf 64' lang='lat' dir='ltr'><strong>,abstract</strong></span> <span class='ocrx_word' id='word_1_344' title='bbox 690 3284 761 3330; x_wconf 87' lang='lat' dir='ltr'><strong>term,</strong></span> <span class='ocrx_word' id='word_1_345' title='bbox 773 3275 816 3323; x_wconf 88' lang='lat' dir='ltr'><strong>the</strong></span> <span class='ocrx_word' id='word_1_346' title='bbox 826 3275 876 3322; x_wconf 87' lang='lat' dir='ltr'><strong>real</strong></span> <span class='ocrx_word' id='word_1_347' title='bbox 891 3285 977 3326; x_wconf 89' lang='lat' dir='ltr'><strong>nature</strong></span> 
     </span>
    </p>
   </div>
   <div class='ocr_carea' id='block_1_7' title="bbox 62 3332 977 3467">
    <p class='ocr_par' dir='ltr' id='par_1_9' title="bbox 62 3332 977 3467">
     <span class='ocr_line' id='line_1_41' title="bbox 62 3332 977 3400; baseline -0.007 -7"><span class='ocrx_word' id='word_1_348' title='bbox 62 3345 88 3393; x_wconf 88' lang='lat' dir='ltr'><strong>ei</strong></span> <span class='ocrx_word' id='word_1_349' title='bbox 95 3341 175 3392; x_wconf 86' lang='lat' dir='ltr'><strong>which</strong></span> <span class='ocrx_word' id='word_1_350' title='bbox 187 3357 207 3388; x_wconf 84' lang='lat' dir='ltr'><strong>ts</strong></span> <span class='ocrx_word' id='word_1_351' title='bbox 218 3357 285 3388; x_wconf 77' lang='lat' dir='ltr'><strong>roam</strong></span> <span class='ocrx_word' id='word_1_352' title='bbox 294 3347 398 3400; x_wconf 70' lang='lat' dir='ltr'><strong>gruttam</strong></span> <span class='ocrx_word' id='word_1_353' title='bbox 408 3339 491 3384; x_wconf 77' lang='lat' dir='ltr'><strong>mmai.</strong></span> <span class='ocrx_word' id='word_1_354' title='bbox 523 3334 579 3382; x_wconf 85' lang='lat' dir='ltr'><strong>&#39;I&#39;be</strong></span> <span class='ocrx_word' id='word_1_355' title='bbox 586 3332 653 3398; x_wconf 85' lang='lat' dir='ltr'><strong>word</strong></span> <span class='ocrx_word' id='word_1_356' title='bbox 661 3335 703 3391; x_wconf 83' lang='lat' dir='ltr'><strong>qai</strong></span> <span class='ocrx_word' id='word_1_357' title='bbox 712 3333 821 3382; x_wconf 86' lang='lat' dir='ltr'><strong>contains</strong></span> <span class='ocrx_word' id='word_1_358' title='bbox 831 3332 873 3382; x_wconf 89' lang='lat' dir='ltr'><strong>the</strong></span> <span class='ocrx_word' id='word_1_359' title='bbox 884 3334 939 3386; x_wconf 85' lang='lat' dir='ltr'><strong>idea</strong></span> <span class='ocrx_word' id='word_1_360' title='bbox 948 3335 977 3386; x_wconf 79' lang='lat' dir='ltr'><strong>ol</strong></span> 
     </span>
     <span class='ocr_line' id='line_1_42' title="bbox 62 3391 794 3467; baseline -0.02 -14"><span class='ocrx_word' id='word_1_361' title='bbox 62 3419 140 3467; x_wconf 78' lang='lat' dir='ltr'><strong>quam,</strong></span> <span class='ocrx_word' id='word_1_362' title='bbox 153 3399 268 3460; x_wconf 79' lang='lat' dir='ltr'><strong>denoting</strong></span> <span class='ocrx_word' id='word_1_363' title='bbox 278 3413 356 3454; x_wconf 79' lang='lat' dir='ltr'><strong>coare,</strong></span> <span class='ocrx_word' id='word_1_364' title='bbox 369 3395 469 3444; x_wconf 80' lang='lat' dir='ltr'><strong>whence</strong></span> <span class='ocrx_word' id='word_1_365' title='bbox 480 3393 522 3442; x_wconf 88' lang='lat' dir='ltr'><strong>the</strong></span> <span class='ocrx_word' id='word_1_366' title='bbox 533 3392 685 3451; x_wconf 76' lang='lat' dir='ltr'><strong>subjunctive</strong></span> <span class='ocrx_word' id='word_1_367' title='bbox 694 3391 794 3452; x_wconf 66' lang='lat' dir='ltr'><strong>sabra.</strong></span> 
     </span>
    </p>
   </div>
   <div class='ocr_carea' id='block_1_8' title="bbox 0 0 1140 3786">
    <p class='ocr_par' dir='ltr' id='par_1_10' title="bbox 0 0 1140 3786">
     <span class='ocr_line' id='line_1_43' title="bbox 0 0 1140 3786; baseline 0 0"><span class='ocrx_word' id='word_1_368' title='bbox 0 0 1140 3786; x_wconf 95' lang='lat' dir='ltr'><strong> </strong></span> 
     </span>
    </p>
   </div>
  </div>
 </body>
</html>
