2272 3788
152 293 215 358 ata
450 311 491 352 oe
511 311 606 354 enare
625 309 759 352 ommno.
826 281 831 297 '

155 437 238 492 quum
259 437 294 476 ex
317 419 412 500 oppido
431 421 573 490 eruptione¹
591 427 756 490 pumeramr,
777 417 840 472 loris
858 425 950 472 tantae
970 417 1059 488 copiae

156 493 288 562 equitatus
299 489 483 560 peditatusque
493 498 669 542 cernerentur.

191 565 233 613 tt.
251 562 286 614 At
310 560 335 629 ii,
355 560 402 630 qui
425 559 531 612 Alesiae
553 558 747 626 obsidebantur,
767 556 908 626 praeterita
927 556 993 626 die,¹
1010 572 1059 624 qua

156 645 260 684 suorum
291 629 390 682 auxilie
412 636 635 697 exspeotaverant,
659 635 795 680 oonsumto
823 627 897 678 omni
920 625 1060 694 frumento,

155 699 240 768 iuneti,
254 697 318 767 quid
330 700 357 752 in
368 698 469 752 Aeduis
479 705 621 766 gereretur,
633 697 744 750 ronoilio
761 705 861 764 noento,
873 695 908 748 de
927 697 1003 748 exitu
1015 695 1060 748 ior·

156 777 277 822 tenerum
290 784 397 822 suarum
408 767 599 820 consultabant.
634 765 712 835 Apud
724 765 888 835 quos¹,rariis
905 763 988 818 diotis
1007 781 1063 818 sen·

156 838 252 908 tentiia
264 853 376 906 quarunt
387 853 448 906 pare
458 835 625 904 deditionem,
638 852 705 905 pars,
718 835 783 888 dnm
794 834 864 886 vires
882 843 1066 903 suppeterent,.

155 907 329 978 eruptionem*
346 905 497 974 censebant,
510 923 561 958 non
579 905 776 974 praetereunda,
788 903 893 956 videtur
909 905 995 956 oratio
1013 905 1063 956 Cri·

156 977 261 1044 tognati,
280 983 383 1044 propter
400 973 459 1044 ejus
481 975 641 1043 singularem
662 990 695 1026 ao
713 973 842 1028 nefariam
864 973 1062 1026 omdelitatem.

156 1045 205 1098 llio
217 1061 321 1098 summo
333 1044 360 1096 in
372 1044 495 1098 Arvernis
506 1054 578 1101 ortus
595 1043 652 1096 loon
670 1053 697 1096 et
715 1059 828 1111 magnae
848 1043 957 1096 habitus
975 1052 1063 1096 auoto-
1126 1051 1127 1060 ¹

155 1115 246 1182 ritatis,
265 1113 345 1182 Nihil,
366 1114 457 1182 inquit,
473 1113 507 1168 de
527 1130 618 1192 eorpm
638 1114 769 1167 sententia
788 1111 907 1166 dioturue
926 1129 999 1182 eum,
1019 1113 1064 1182 qui

156 1183 334 1252 turpissimam
351 1184 504 1236 servitutem
522 1183 662 1236 deditionis
679 1183 785 1236 nomine
803 1181 956 1250 appellant;
977 1199 1064 1304 uetans

155 1251 204 1306 hoe
223 1251 359 1306 habendos
377 1253 476 1306 civium
495 1252 560 1321 looo,
577 1269 664 1322 neque
683 1251 717 1305 ad
737 1251 877 1304 oonoilium
896 1250 1016 1306 adhibeo
1036 1270 1065 1304 os

154 1337 260 1376 oeuseo.
296 1321 363 1376 Cum
375 1322 408 1374 iis
420 1321 485 1376 mihi
498 1339 540 1374 ree
551 1322 592 1391 sit,
605 1323 651 1391 qui
670 1322 833 1390 eruptionem
852 1321 981 1389 probant:
1002 1338 1065 1444 puo-

155 1407 213 1444 mm
226 1392 251 1445 in
264 1391 378 1459 oonsilio,
391 1391 509 1444 omniurn
522 1400 638 1444 vestrum
651 1407 789 1459 consensu,
822 1390 927 1443 ristinee
946 1392 1000 1446 resi
1020 1408 1064 1444 ere

154 1461 257 1514 virtutis
269 1461 394 1514 memorie
405 1459 515 1514 ridetur.
543 1461 633 1514 Animi
646 1469 685 1514 eet
698 1460 747 1512 ista
759 1407 891 1528 mollities,
905 1477 959 1512 non
972 1461 1062 1530 virtue,
1126 1471 1127 1474 ’

154 1529 270 1600 inopiam
299 1529 564 1600 aullisperlerrenon
578 1547 664 1598 posse.
699 1529 750 1588 Qut
769 1546 797 1582 se
814 1528 883 1582 ultro
900 1531 982 1584 morti
1001 1531 1063 1584 otte

154 1609 219 1669 rent,
233 1547 338 1654 laoiiius
351 1598 519 1672 reperiuntur,
532 1615 614 1668 quarn
631 1599 677 1668 qni
693 1598 955 1668 dolorempatienter
967 1600 1062 1654 ferant.

154 1671 242 1739 Atque
254 1686 305 1738 ego
316 1668 385 1722 hano
397 1669 557 1722 sententiam
574 1668 719 1738 probarem,
732 1669 807 1737 (nam
818 1668 889 1737 apud
902 1685 948 1722 roe
960 1678 1064 1724 tantum

154 1737 278 1808 dignitas
300 1738 397 1818 potest)
417 1738 438 1790 si
462 1737 562 1791 nullam
585 1747 770 1808 praeterquam
789 1738 860 1790 vitae
882 1746 989 1792 nostrae
1011 1739 1064 1810 jao

154 1815 238 1862 turam
250 1808 307 1862 tien
318 1807 451 1874 viderem3
470 1807 517 1860 esd
530 1807 557 1860 in
568 1806 675 1860 oonsilio
687 1806 814 1876 capiendo
826 1823 934 1864 omnem
947 1809 1064 1862 Galliam
1126 1843 1127 1850 κ

152 1877 332 1956 respiciamus,
346 1875 472 1955 quemad
485 1886 601 1930 nostrum
613 1875 741 1931 auxilium
752 1877 951 1930 concitavimus.
983 1878 1063 1949 Quid,

125 1987 139 2004 ,,
152 1943 290 2001 hortunam
307 1945 415 1998 milibus
432 1963 511 2000 axxx.
524 1962 575 1999 uno
593 1944 649 1998 looo
667 1945 818 2016 interiectis,
831 1947 987 2016 propinquis
1003 1949 1063 2002 oon-

152 2015 355 2082 saoguinaisqns
367 2015 461 2067 nostrie
471 2015 563 2068 enimi·
575 2015 628 2068 iore
646 2015 811 2082 existimetis,
825 2017 847 2068 ei
859 2033 946 2085 paene
958 2017 986 2070 in
999 2018 1065 2088 ipsis

152 2082 327 2137 sudatoribus
347 2083 444 2152 proelio
464 2083 598 2138 decertare
616 2084 760 2153 mgenturt
794 2085 957 2140 Nolite-hos
976 2096 1064 2141 vestro
1126 2135 1127 2140 ,

152 2151 249 2206 auxilio
261 2151 415 2222 exspoliare,
428 2156 474 2222 qui
486 2162 589 2207 vestrae
607 2153 699 2208 salutis
715 2169 797 2207 eausa
814 2171 893 2208 suum
911 2155 1063 2224 periculum

151 2220 329 2290 neglexerint3
346 2223 405 2274 neo⁷
417 2222 525 2276 stultitia
542 2239 575 2276 eo
592 2223 740 2278 temeritate
752 2232 846 2292 vestra,
859 2234 905 2277 aut
921 2225 1063 2279 imbesilli-

151 2298 206 2344 tate
217 2290 306 2362 animi,
319 2307 426 2344 omnem
438 2291 553 2346 Galliam
563 2301 726 2362 prosternere
739 2298 766 2346 et
778 2302 921 2363 perpetuae
940 2295 1063 2350 servituti

178 2449 185 2478 ¹
196 2446 341 2512 Eruptioam
358 2448 450 2506 thetis,
463 2450 583 2510 ereptiette
590 2449 666 2509 serto.

177 2521 188 2551 ¹
192 2521 328 2593 d’roaerda
336 2524 386 2578 dier
397 2521 447 2590 thet
457 2521 486 2578 ie,
494 2536 564 2582 quem
572 2523 623 2571 dies
628 2523 800 2591 praeteriissetf
811 2521 853 2590 the
861 2522 987 2631 participle
994 2539 1060 2586 prae·

148 2589 235 2689 ξένῐιὲἷιε
251 2584 323 2643 bemg
338 2581 397 2630 used
409 2595 433 2628 m
443 2579 484 2628 the
500 2595 566 2628 same
577 2595 632 2640 way
642 2595 669 2628 ae
680 2579 721 2630 the
736 2581 860 2641 parttctple
871 2581 899 2630 oi
910 2597 935 2630 a>
957 2593 1061 2643 eponent

178 2712 268 2775 'Apud
277 2728 333 2774 qens
344 2710 432 2762 should
441 2711 502 2779 heve
512 2713 575 2759 been
584 2699 611 2760 'ts'
621 2727 666 2773 quo
676 2713 784 2769 mucilior
801 2714 845 2762 but
861 2713 902 2762 the
912 2729 971 2774 qens
987 2715 1059 2764 refers

129 2791 134 2806 ·
149 2780 174 2820 to
185 2770 225 2819 the
237 2786 292 2819 rnen
302 2769 330 2818 oi
337 2771 417 2818 whom
427 2771 469 2819 the
479 2772 600 2819 mundium
610 2770 739 2824 consisted,

177 2841 360 2905 ‘diruptionem
379 2852 404 2890 to
415 2842 500 2908 this-ae
512 2843 568 2891 well
584 2859 609 2891 ae
625 2852 650 2890 to
666 2843 707 2891 the
723 2841 852 2904 preceding
861 2845 1011 2903 deditionem,
1023 2860 1058 2893 we
1126 2835 1127 2840 ¹

149 2911 213 2950 must
225 2903 312 2962 supply
315 2903 458 2963 sociandam.

177 2976 187 3003 ⁸
226 2977 231 2988 ’
246 2977 311 3023 nitor
321 2976 378 3023 here
390 2968 419 3032 is,
432 2975 473 3024 the
484 2969 605 3036 authority
615 2974 662 3024 and
672 2975 792 3024 iuduenoe
801 2974 831 3024 ol
841 2975 883 3024 the
894 2989 997 3036 persons
1005 2976 1059 3025 who

148 3032 196 3082 had
206 3049 220 3081 a
236 3034 305 3083 vised
315 3043 340 3082 to
352 3034 422 3082 make
433 3051 447 3082 e
457 3035 526 3096 sally.

176 3108 186 3136 ⁶
198 3105 263 3167 Quid
272 3109 354 3176 animi,
366 3108 443 3156 ‘what
455 3107 542 3170 degree
552 3107 581 3156 os
587 3123 688 3175 oourage
695 3108 714 3157 t’
726 3123 753 3156 or
765 3107 845 3158 ‘what
856 3116 919 3156 atate
930 3108 959 3156 os
970 3105 1059 3169 feeling

148 3168 198 3216 will
210 3167 267 3228 they
278 3169 308 3214 be
320 3166 370 3214 mt'
831 3193 833 3198 ,

177 3239 250 3286 'The
261 3253 302 3286 neo
312 3239 373 3286 after
382 3241 456 3287 nolite
465 3255 521 3298 may
531 3239 609 3294 either
619 3240 715 3288 contein
726 3255 741 3287 a
750 3239 878 3298 repetition
887 3239 916 3287 of
926 3239 969 3288 the
985 3255 1057 3300 nege·

147 3296 197 3344 tire
208 3297 335 3344 contained
345 3297 371 3344 in
380 3300 460 3352 nolite,
473 3313 499 3345 or
509 3311 548 3346 we
558 3307 623 3346 must
633 3299 720 3358 supply
730 3298 790 3346 aiter
801 3299 819 3347 it
830 3300 917 3356 nolitia,
930 3298 1006 3348 taken
1015 3309 1057 3348 out

147 3353 176 3400 oi
188 3355 268 3409 nolite,
281 3353 360 3402 whioh
371 3355 391 3403 is
402 3355 472 3404 iteeli
483 3356 619 3417 equivalent
630 3366 655 3406 to
665 3374 696 3406 ae
706 3358 793 3406 uelitis.
