2296 3796
156 293 196 358 4⁰
456 312 497 354 na
518 311 772 356 annno-asnarco.

158 421 252 490 lunte
269 421 325 476 suis
341 419 440 476 finibus
455 439 482 478 m
500 421 682 478 Helvetiorum
696 421 764 478 fines
779 420 919 476 transirent
930 427 958 474 et
969 419 1081 476 finitimi

157 489 261 544 Galliae
273 491 423 561 provinciae
435 491 673 562 Allobrogibusque
691 500 790 546 essent.
826 491 905 554 Boios
923 491 1082 560 petentibus
1139 499 1140 502 ’

157 559 266 630 Aeduis,
280 561 350 630 quod
369 563 476 630 egregia
494 561 588 615 virtute
606 571 680 614 erant
698 561 803 630 cogniti,
818 569 846 612 ut
864 561 890 612 iu
909 560 1010 612 finibus
1023 561 1082 612 suis
1139 571 1140 574 ’

159 628 323 700 collocarent,
343 631 472 686 concessit
484 632 499 698 3¹
521 631 620 709 quibus
640 631 677 684 illi
696 631 783 700 agros‘
801 629 933 683 dederunt
955 644 1082 698 quosque
1139 661 1140 696 r

158 708 249 769 postea
269 699 295 752 in
316 717 406 769 parem
429 700 496 770 juris
518 699 702 770 libertatisque
725 698 903 754 conditionem
923 706 1006 767 atque
1028 698 1081 768 ipsi

158 777 240 839 erant,
254 778 419 839 receperunt.
528 813 533 824 .
1139 837 1140 840 Ἴ

194 843 235 891 29.
260 839 288 892 In
310 841 404 892 castris
422 838 605 892 Helvetiorum
624 837 732 892 tabulae
752 846 873 908 repertae
897 845 957 890 snut
981 835 1082 889 litteris

157 907 424 962 Graecis¹consectae
443 907 521 961 etad
540 909 682 962 Caesarem
700 907 806 976 relatae,
819 907 916 976 quibus
933 907 960 960 iu
980 905 1082 959 tabulis

157 977 313 1030 nominatim
338 978 402 1030 ratio
426 978 547 1030 confecta
570 985 634 1048 erat,
654 977 699 1056 qui
723 993 851 1032 numerus
873 976 952 1030 domo
976 975 1081 1042 exisset

158 1063 259 1117 eorum,
272 1047 317 1115 qui
329 1064 403 1100 arma
416 1046 483 1099 serre
497 1054 611 1116 possent,
625 1056 652 1100 et
664 1056 730 1100 rtem
743 1046 885 1115 separatim
901 1045 984 1115 pueri,
997 1061 1082 1098 senes
1139 1049 1140 1114 ζ

158 1115 347 1186 mulieresque¹
383 1115 501 1174 Quarum
519 1116 638 1170 omnium
657 1115 754 1170 rerum‘
766 1131 873 1168 summa
887 1123 942 1168 erat
956 1115 1081 1184 capitum
1139 1117 1140 1132 ¹

158 1184 341 1238 Helvetiorum
360 1185 435 1238 milia
454 1201 575 1255 cosam„
594 1185 765 1255 Tulingorum
785 1184 858 1238 milia
876 1201 980 1254 xxxva,
999 1184 1081 1238 Iato-
1139 1183 1140 1252 i

158 1253 293 1322 hrigorum
313 1271 379 1324 xrv„
398 1255 577 1308 Rauracorum
596 1271 684 1334 xx1117
705 1254 828 1308 Boiorum
847 1270 950 1308 xxxrn:
972 1270 1007 1306 ex
1028 1252 1079 1324 his,
1139 1255 1140 1292 ἕ

158 1323 205 1393 qui
234 1340 308 1376 arma
332 1323 400 1376 ferre
423 1333 538 1394 possent,
562 1323 597 1376 ad
626 1324 700 1376 milra
722 1340 845 1378 mann.
882 1323 992 1376 Summa
1021 1339 1080 1376 orn-
1139 1361 1140 1380 r

158 1392 232 1446 nium
246 1392 352 1446 fuerunt
364 1393 396 1446 ad
409 1393 483 1446 milia
496 1409 645 1446 coonxvm.
682 1394 788 1461 Eorum,
799 1391 845 1462 qui
863 1391 973 1445 domum
991 1392 1080 1445 redie-

158 1470 226 1584 ηπίῑ,
235 1479 317 1516 censu
326 1462 424 1533 habito,
435 1471 463 1516 ut
472 1463 568 1516 Caesar
577 1462 761 1532 imperaverat,
769 1470 889 1532 repertus
897 1471 937 1514 est
949 1478 1082 1515 numerus
1139 1491 1140 1544 t

158 1531 263 1586 ruiium
276 1549 300 1586 c.
313 1542 379 1586 etx.
1139 1547 1140 1592 ξ

193 1605 235 1653 30,
255 1601 329 1654 Bello
347 1601 528 1654 Helvetiorum
546 1599 667 1672 coniecto
684 1601 765 1654 totius
781 1599 837 1661 sera
855 1599 969 1654 Galliae⁵
986 1599 1078 1670 legati,
1139 1597 1140 1680 l

158 1671 292 1751 principes
312 1672 458 1740 civitatum,
479 1669 513 1722 ad
535 1670 678 1724 Caesarem
697 1669 859 1740 gratulatum
880 1680 1079 1723 convenerunt:
1139 1715 1140 1740 3

158 1740 305 1809 intelligere
329 1743 397 1810 sese',
417 1739 523 1795 tametsi
546 1756 592 1808 pro
612 1741 747 1794 veteribus
769 1739 950 1792 Helvetiorum
975 1739 1081 1809 injuriis
1139 1751 1140 1800 1

157 1807 247 1880 populi
260 1809 381 1865 Romaui⁸
391 1809 426 1862 ab
438 1809 481 1862 his
493 1825 591 1878 poenas
604 1808 673 1863 bello
687 1808 834 1878 repetisset,
845 1817 934 1862 tamen
947 1825 1081 1872 sanarem
1139 1823 1140 1826 ’

158 1893 210 1932 non
228 1879 317 1932 minus
335 1895 368 1931 ex
386 1885 436 1932 us'u
456 1887 540 1930 terrae
558 1878 662 1938 Galliae
679 1896 761 1948 quam
777 1878 866 1948 populi
879 1878 990 1931 Romani
1008 1879 1082 1932 acci·

159 1947 233 2002 disse
242 1964 250 2016 ς
267 1955 406 2017 propterea
424 1947 545 2016 quod-eo
562 1948 670 2001 consilio
686 1947 881 2016 florentissimis
895 1947 1083 2012 rehuadosuos
1139 2015 1140 2018 Ἴ

158 2032 222 2070 siras
242 2017 357 2070 Helvetii
377 2015 552 2085 reliquissent,
574 2017 613 2070 uti
637 2017 806 2086 totixGaltiae
826 2015 927 2074 bellum
946 2017 1082 2074 ‘interrant
1139 2033 1140 2080 ξ

158 2087 196 2140 im
234 2086 323 2155 rioque
343 2086 488 2155 potirentur
507 2085 601 2139 locum'
616 2085 804 2140 ue-domicilio
825 2103 859 2142 ex
883 2103 982 2154 magna
1001 2089 1083 2158 copia
1139 2091 1140 2112 ³

158 2155 193 2208 de
205 2157 314 2228 igerent,
327 2151 410 2229 duem
422 2172 456 2208 err
467 2157 540 2208 omni
550 2103 640 2208 Gallia
655 2155 907 2226 opportunissimum
919 2173 951 2208 ac
964 2155 1082 2209 sructuo·
1139 2169 1140 2226 t

158 2219 294 2278 sissinium
306 2225 477 2294 judicassent,
488 2223 657 2294 reliquasque
669 2225 792 2278 civitates
801 2223 986 2347 stipendiarias
997 2225 1082 2279 habe·
1139 2241 1140 2284 t

158 2302 225 2347 rent.
260 2295 405 2363 Petierunt,
426 2293 464 2346 uti
487 2293 538 2352 sibi
561 2294 704 2348 concilium
728 2295 808 2351 totius
852 2293 931 2346 alliae
955 2295 1080 2348 indiam
1139 2295 1140 2336 l

187 2477 195 2505 ¹
211 2474 346 2524 Construe:
366 2473 486 2524 demersit
501 2474 594 2536 Aequis
606 2477 748 2538 petentum,
765 2485 793 2524 ut
808 2477 945 2525 collocarent
962 2475 1034 2526 Boios
1053 2479 1082 2526 in

158 2536 323 2597 finffluarcia,
336 2537 398 2596 quod
407 2535 511 2597 egregia,
525 2534 574 2582 doc.
649 2583 651 2594 ,
1139 2513 1140 2588 l

187 2609 196 2638 ¹
206 2607 261 2656 The
270 2607 363 2656 district
374 2610 486 2656 between
498 2607 539 2655 the
550 2607 625 2655 rivers
635 2605 708 2668 Liger
718 2607 807 2664 (Loire)
816 2608 863 2656 and
872 2607 961 2657 Elaver
970 2608 1079 2666 (Altior),

158 2682 216 2715 near
226 2667 289 2715 their
299 2667 446 2719 confluence.
479 2667 526 2714 See
537 2666 577 2714 vit
590 2669 612 2714 9.
664 2715 667 2726 Α

187 2739 261 2788 ’'l'he
272 2739 388 2796 Helvetii,
401 2755 428 2786 as
439 2738 497 2786 well
507 2755 533 2787 as
545 2739 614 2786 other
626 2738 705 2787 Gallio
716 2739 800 2796 tribes,
812 2739 930 2788 used-the
944 2739 1030 2788 Greek·
1044 2740 1079 2788 al·
1139 2739 1140 2798 l

158 2799 248 2868 phabet
259 2799 284 2846 in
294 2797 489 2866 theiruwritingsr
505 2799 565 2858 they
572 2797 619 2846 had
626 2799 747 2904 'probably
753 2800 853 2849 become
865 2799 1008 2868 acquainted
1018 2799 1079 2848 with
1139 2809 1140 2866 t

158 2869 176 2907 rt
188 2857 292 2918 through
304 2857 345 2905 the
356 2856 503 2904 rnhabrtants
514 2857 542 2905 of
554 2857 632 2905 Massi
642 2874 673 2914 ra,
686 2873 701 2906 a
712 2857 795 2906 Greek
810 2858 896 2918 colony
908 2874 932 2905 ru
947 2859 989 2906 the
1005 2859 1079 2907 south
1139 2869 1140 2874 ’

158 2917 266 2966 ot'Gaul.
299 2915 460 2975 Comparari.
474 2919 509 2964 14.

186 2989 325 3040 ‘Remmia
336 2987 393 3037 here
404 2989 465 3037 used
476 2989 500 3037 in
510 2989 552 3037 the
563 3005 635 3038 sense
646 2989 675 3038 ol
685 3005 750 3047 men,
764 3005 791 3038 as
807 2990 831 3038 in
847 2989 916 3049 chap.
928 2993 957 3039 27
969 3008 995 3038 ea
1011 3005 1078 3038 ccm-

156 3050 238 3112 prised
249 3049 308 3097 both
319 3063 375 3096 men
387 3048 433 3096 and
444 3064 515 3096 arms.

187 3123 272 3172 'That
288 3123 318 3179 is,
332 3121 458 3178 Gallia‚'in
473 3121 514 3170 the
530 3137 651 3170 narrowar
666 3137 737 3172 sensa
752 3121 781 3170 cf
792 3122 833 3170 the
845 3121 920 3174 word.
933 3137 960 3173 or
972 3119 1074 3176 Celtica,

158 3183 200 3233 the
211 3180 276 3231 third
286 3181 314 3230 os
325 3181 367 3228 the
378 3179 446 3229 three
457 3181 573 3230 divisious
584 3181 611 3230 of
620 3181 691 3230 Gaul.

187 3255 231 3304 ⁸Is
247 3254 288 3302 the
304 3253 424 3315 objectiva
439 3253 560 3314 genitive:
580 3253 635 3304 ‘the
646 3269 742 3316 wrong·
753 3253 834 3302 which
849 3253 890 3301 the
906 3253 1014 3302 Helvetii
1030 3253 1077 3302 had

160 3313 221 3363 done
232 3314 307 3362 tothe
319 3313 413 3362 Roman
424 3311 527 3372 paople)
1105 3343 1108 3349 .
