2272 3786
33 2935 37 2945 η
137 2958 176 3007 *for
186 2959 270 3007 battle.
303 2957 384 3008 When
396 2959 429 3007 all
440 2959 481 3007 the
491 2958 529 3007 sol

48 3051 52 3060 .
140 3017 226 3078 gether
236 3019 269 3077 by
280 3017 321 3066 the
333 3018 410 3067 sound
420 3017 448 3066 os
460 3034 473 3065 n
484 3027 589 3078 trumpet
602 3020 707 3080 (rignum
720 3022 779 3068 dore
793 3027 818 3068 ttr

139 289 179 354 oe
438 305 479 348 na
499 307 598 349 ennio
616 298 752 348 amuco.

139 425 244 499 pertint.
279 415 873 494 Ubrpnmsimpedimentenostriexercitus
889 414 925 470 ab
941 413 993 484 his,
1008 416 1059 486 qni
1128 451 1129 454 =

141 505 167 541 m
192 486 265 540 silvis
288 485 372 540 ebdtti
396 483 521 556 latebant,
541 487 597 538 vise
621 494 689 555 sunt,
707 485 778 555 quod
796 495 904 554 tempus
922 485 1060 538 intereos
1128 519 1129 524 =

140 555 324 610 committendi
336 555 427 626 proelii
438 564 607 625 convenerat,
623 555 677 625 ite,¹
688 563 718 610 ut
730 556 798 608 intra
817 555 897 607 silvas
914 556 1004 607 aciem
1018 571 1059 608 or·
1128 563 1129 602 ξ

140 625 271 695 dicesque
288 625 478 678 constituerant
495 632 575 694 etque
588 625 637 704 ipsi
655 641 714 678 sese
727 623 955 693 confirmaverant,
969 624 1059 678 subito
1128 633 1129 636 ’

140 694 264 748 omnibus
281 712 312 748 co
332 695 364 747 ris
382 694 584 763 provolaverunt
601 701 785 764 impetumque
797 695 824 746 in
836 703 939 748 nostros
951 693 1059 763 equites

140 765 269 818 lecerunt.
306 712 354 817 fiis
366 763 445 816 facile
454 763 538 834 pulsis
549 779 582 816 ae
590 763 749 833 proturbatis
758 762 906 816 incredibili
916 762 1059 816 eeleritate

140 833 174 888 ad
187 834 288 888 flumen
301 835 515 902 decucurrerunt,
526 841 554 886 ut
564 849 648 903 paene
658 842 837 902 nnotempere
849 840 876 885 et
888 831 923 885 ad
936 832 1021 886 silvas
1032 841 1059 885 et

142 904 291 958 influmine
304 903 397 973 etjam
411 903 439 954 in
449 902 573 956 menibus
592 903 687 955 nostris
705 901 794 955 hostes
806 901 969 966 riderentur.
1008 903 1060 956 Ea·

141 973 204 1028 dem
216 982 308 1027 autern
317 972 454 1026 celeritate
462 972 573 1026 adverso
582 971 661 1026 colle¹
670 971 704 1026 ad
716 979 804 1024 nostra
812 982 899 1024 castra
910 981 994 1040 atque
1003 985 1058 1042 ecs,

141 1043 186 1114 qui
199 1043 225 1096 in
237 1060 316 1114 opere
328 1041 450 1111 occupeti
463 1049 544 1111 erant,
558 1041 758 1094 contenderunt.

176 1117 217 1164 20.
236 1112 343 1167 Caesari
360 1111 449 1164 omnia
467 1127 518 1164 nnc
537 1121 656 1180 tempore
679 1119 754 1164 erent
776 1109 896 1179 agenda:
918 1109 1059 1164 vexillum⁸

70 1203 73 1213 ¹
141 1182 347 1252 proponendum,
362 1180 430 1250 quod
443 1188 500 1233 eret
513 1180 623 1250 insigne,
636 1197 699 1232 cum
714 1179 748 1232 ed
766 1195 840 1232 erma
852 1179 973 1231 concurri
984 1195 1058 1250 opor·
1128 1187 1129 1226 i

141 1261 216 1320 teret,
230 1251 336 1320 signum
353 1250 417 1303 tuba
435 1249 562 1318 dandum,
577 1248 614 1302 eb
631 1265 710 1320 opere
729 1248 870 1305 revocandi
888 1248 999 1318 milites,
1013 1249 1057 1318 qui
1128 1261 1129 1286 1

141 1321 220 1392 paulo
237 1320 341 1390 longius
358 1319 463 1388 aggeris
480 1318 588 1388 petendi
601 1332 682 1371 censa
693 1326 881 1388 processerant,
895 1318 1056 1386 arcessendi,
1128 1331 1129 1334 ’

141 1391 214 1444 acies
231 1389 392 1458 instmende,
405 1388 504 1442 milites
521 1387 681 1457 cohortandi,
701 1388 722 1440 si
759 1405 807 1440 um
823 1386 951 1440 dandum.
989 1386 1057 1446 Qus-

142 1475 200 1514 rurn
218 1475 306 1513 rerum
322 1475 450 1527 magnam
467 1465 578 1528 partem
588 1457 716 1527 temporis
747 1458 843 1510 rovitas
861 1467 888 1510 et
906 1459 1057 1510 successus⁴

141 1528 258 1583 hostium
271 1527 440 1600 impediebat.
477 1527 525 1580 His
536 1525 738 1580 difficultatibus
755 1527 824 1580 duee
843 1543 886 1578 res
901 1535 978 1578 erant
997 1525 1056 1579 snb

142 1599 223 1652 sidio:
243 1599 355 1652 scientia
365 1606 447 1666 atque
458 1613 522 1649 usus
533 1596 656 1666 militum,
670 1596 738 1666 quod
758 1595 935 1666 superioribus
950 1595 1057 1664 proeliis

142 1669 287 1740 exercitati,
301 1666 363 1738 quid
376 1667 461 1719 fierio
498 1674 576 1718 rteret
597 1681 650 1718 non
667 1665 756 1718 minus
774 1663 941 1718 commodei
977 1663 1055 1718 isibi
1128 1691 1129 1730 ,

141 1738 321 1810 praescribere
342 1752 457 1805 quama
492 1733 553 1788 eliis
564 1705 654 1788 clooeri
666 1743 793 1806 poterant,
807 1743 834 1788 et
863 1733 945 1786 uoda
977 1750 1056 1805 opere
1128 1779 1129 1786 ,

141 1807 305 1876 singulisque
322 1776 472 1874 legionibus
490 1803 607 1872 singulos
624 1751 864 1873 legatosCaeserl
1049 1803 1054 1813 “
1128 1865 1129 1876 ἶ

141 1876 252 1930 munitis
269 1875 365 1930 castris
380 1880 510 1926 vetuerat.
546 1873 580 1926 Hi
601 1884 705 1944 propter
728 1873 952 1944 propinquitatem
968 1881 998 1926 et
1013 1889 1055 1926 oe·

142 1946 275 1998 leritatem
288 1942 402 1996 hostium
415 1941 480 1995 nihil
491 1941 547 2011 jam
559 1944 680 1997 Caesaris
698 1943 841 2013 imperium
854 1941 1054 2012 exspectabant,
1128 1941 1129 1996 l

107 2071 110 2078 ,
142 2014 189 2067 sed
202 2027 372 2083 perseqnae
384 2009 552 2066 videbantur·
563 2011 794 2066 administrabant.

177 2087 219 2135 21.
232 2083 328 2136 Caesar
336 2082 493 2134 necessariis
501 2081 580 2136 rebus
588 2079 1057 2152 imperatisadoohortendosmilites
1128 2115 1129 2134 t

141 2169 223 2224 quem
236 2153 263 2205 in
274 2159 378 2222 perlem
390 2149 443 2204 sors
454 2151 556 2221 obtulit,
569 2152 719 2205 decucurrit
737 2159 764 2204 et
782 2151 817 2204 ad
835 2150 970 2219 legionem
985 2149 1055 2203 deei-

141 2239 216 2275 mam
228 2221 344 2274 devenit.
363 2220 465 2274 Milites
476 2237 529 2274 non
541 2221 656 2290 longiore
669 2221 785 2276 oratione
797 2221 957 2289 cohortatus,
966 2220 1056 2289 quam⁶

140 2292 178 2344 uti
191 2307 255 2344 suae
268 2290 395 2361 pristinae
408 2291 510 2344 virtutis
520 2291 680 2344 memoriam
692 2291 833 2345 retinerent
850 2305 904 2342 neu
921 2288 1055 2358 perturba·

141 2369 230 2414 rentur
248 2362 338 2413 animo
351 2357 520 2430 hostiumque
540 2360 670 2430 impetum
687 2359 789 2412 fortiter
805 2357 973 2428 sustinerent,
987 2355 1055 2428 qnod

126 2427 192 2484 'non
210 2429 313 2499 longius
332 2429 421 2483 hostes
444 2430 562 2498 aberent,
582 2443 663 2498 quern
678 2445 733 2499 quo
750 2427 835 2482 telum
856 2427 939 2497 adjici
956 2435 1053 2498 posset,

146 2671 151 2681 Ι
170 2608 225 2657 ¹ltc
242 2609 262 2658 is
279 2609 336 2658 here
352 2609 412 2658 used
427 2625 455 2658 aa
470 2625 501 2658 en
516 2607 604 2658 edverb
615 2607 644 2657 of
655 2608 723 2665 time,
736 2607 851 2668 referring
861 2617 886 2654 to
896 2608 959 2668 quoti
966 2615 1054 2668 ternpus

141 2677 204 2718 trater
214 2686 251 2717 eoa
262 2678 410 2718 convenerat.

169 2753 254 2804 ’That
265 2755 294 2812 is,
310 2761 357 2816 ‘up
367 2755 409 2804 the
420 2755 482 2812 hill,'
492 2756 544 2816 just
555 2771 582 2804 ss
593 2757 691 2804 demo
699 2755 801 2818 flemina
811 2753 832 2802 is
845 2758 890 2813 ‘up
901 2753 943 2800 the
953 2753 1032 2801 riven'

169 2840 243 2889 ¹The
254 2843 365 2890 cecilium
375 2858 426 2890 was
437 2858 452 2889 e
461 2842 546 2902 purple
561 2843 609 2902 flag
624 2838 721 2892 heisted
731 2856 789 2893 over
800 2841 840 2888 the
856 2838 977 2901 generul's
994 2849 1053 2896 tent,

141 2899 220 2948 which
230 2915 280 2948 was
292 2911 317 2948 to
328 2900 369 2949 the
378 2901 479 2949 soldiers
490 2916 504 2948 a
514 2901 591 3008 sipnsl
600 2903 714 2962 (insigne)
723 2909 748 2948 to
757 2900 819 2960 keep
827 2899 976 2948 themselves
984 2897 1055 2958 ready

547 2976 595 3008 tere
606 2975 670 3008 were
686 2959 768 3020 ready,
782 2959 847 3066 theb
852 2957 1056 3066 ψεῗὲἓίἑςάπὶζ

141 3087 164 3124 at
176 3076 217 3124 the
229 3077 276 3124 end
286 3076 315 3124 ol
326 3077 375 3126 this
386 3087 502 3124 sentence
513 3077 534 3125 is
546 3077 587 3125 the
599 3075 754 3126 wetehword.
848 3023 864 3073 l·
977 3033 1001 3080 'g

170 3143 316 3196 ‘Succurrit
328 3149 348 3196 is
359 3148 401 3196 the
409 3147 479 3208 'rapid
490 3147 596 3197 advenee
608 3147 636 3196 ol
647 3147 689 3196 the
700 3163 797 3210 enemy.

170 3223 180 3248 ⁰
190 3219 305 3279 Name1y,
318 3222 509 3269 administranda
520 3237 576 3269 ease.

171 3289 254 3337 n'ibet
266 3291 295 3347 is,
311 3291 382 3339 ‘than
391 3307 443 3340 wss
453 3307 583 3354 necessary
591 3301 617 3340 to
625 3291 728 3354 impress
737 3308 802 3356 upon
810 3294 878 3342 them
887 3293 928 3343 the
938 3293 1055 3356 necessity

142 3345 170 3395 ol
182 3351 377 3414 rentembering‚’
391 3349 439 3400 &e

865 1803 989 1857 iscedere
1006 1804 1056 1856 nist
1128 1795 1129 1854 ἶ
