2296 3796
87 421 212 478 flumine
225 424 309 476 Arare
317 421 431 476 naribus
442 420 609 492 subvexerat,
621 429 758 492 propterea
767 419 904 474 utiminus
912 425 1021 490 poterat,

87 491 171 562 quod
191 493 243 544 iter
261 493 297 544 ab
315 495 396 546 Arare
416 491 532 544 Helvetii
552 499 709 560 averterant,
729 508 746 542 a
764 490 861 558 quibus
883 488 1023 542 discedere

87 561 217 616 nolebat.
255 563 332 616 Diem
353 579 387 614 ex
406 561 450 614 die
465 561 574 614 ducere¹
591 561 696 614 Aeduis
720 561 838 627 conteni,
857 559 1021 630 comportari,

87 631 197 684 adesse
210 631 310 684 dicere.
346 631 399 684 Ubi
411 648 441 684 se
453 631 562 684 ‹liutius²
572 629 635 684 duci
649 630 779 684 intellexit
792 638 819 682 et
830 628 903 682 diem
916 629 1021 697 instare,

88 719 150 770 quo
161 702 208 753 die
217 701 379 754 frumentum
391 700 520 757 militibus
528 701 616 754 metiri
624 708 762 770 oporteret,
770 700 922 752 convocatis
930 715 1023 752 eorum

109 770 272 840 rincipibus,
285 787 397 839 quorum
409 787 536 838 magnam
548 771 653 839 copiam
665 770 691 822 iu
703 770 796 822 castris
805 767 929 836 habebat,
942 767 968 822 in
981 767 1024 820 hrs

86 787 236 894 lhvitiaoo
254 848 281 892 et
298 841 381 908 Lisco,
400 840 445 908 qui
464 856 570 892 summo
588 839 753 908 magistratui
772 847 899 908 praeerat,
920 838 1023 908 (quem³

86 909 294 978 vergobretum
317 909 452 980 appellent
471 908 567 978 Aedui,
586 911 631 978 qui
655 919 760 962 creatur
777 925 883 960 annuus
906 915 934 960 et
951 908 1022 960 vitae

87 980 230 1048 necisque
242 979 269 1032 in
282 995 343 1032 suos
355 979 437 1032 habet
445 980 623 1049 potestatem),
632 979 747 1046 graviter
754 995 801 1030 eos
812 986 929 1046 accusat,
942 977 1021 1046 quod,

87 1065 162 1101 curn
181 1064 271 1117 neque
289 1049 342 1101 emi
360 1065 449 1118 neque
468 1065 502 1101 ex
519 1047 590 1114 agris
606 1047 677 1101 sumi
689 1056 786 1118 posset,
800 1056 856 1100 tam
868 1047 1021 1102 necessario

87 1128 229 1186 ternpore,
243 1127 298 1170 tam
311 1117 464 1188 propinquis
476 1115 596 1170 hostibus
616 1118 651 1170 ab
663 1117 697 1169 iis
708 1134 759 1170 uon
772 1117 934 1182 sublevetur,
948 1133 1022 1184 prae·

90 1189 192 1240 sertim
207 1204 269 1239 curn
282 1204 379 1254 magna
392 1205 426 1240 ex
439 1196 512 1257 parte
525 1204 616 1240 eorum
636 1187 759 1257 precibus
776 1187 909 1240 adductus
921 1186 1022 1240 bellurn

89 1257 264 1326 susceperit,
287 1257 370 1312 multo
395 1257 476 1310 etiarn
501 1257 617 1328 gravius,
634 1256 705 1325 quod
730 1257 763 1308 sit
788 1256 938 1326 destitutus,
958 1271 1022 1326 que-

90 1337 172 1378 ritur.
510 1360 515 1369 ι

135 1401 177 1448 17.
197 1394 270 1456 Turn¹
286 1393 397 1448 demum
416 1393 511 1448 Liscus
527 1395 644 1448 oratione
662 1394 785 1448 Caesaris
801 1393 934 1448 adductus
951 1394 1021 1464 quud

89 1473 179 1518 antea
197 1471 324 1533 tacuerat,
344 1465 477 1534 proponit:
505 1481 565 1517 esse
585 1465 730 1532 nonnullos,
749 1481 862 1532 quorum
880 1463 1022 1518 auctoritas

89 1533 170 1604 apud
183 1532 292 1603 plebem
305 1533 552 1603 plurimumvaleat,
562 1533 608 1603 qui
619 1533 740 1604 privatim
754 1533 813 1602 plus
824 1535 931 1601 possint,
940 1549 1022 1600 quarn

90 1603 149 1672 ipsi
162 1604 343 1670 magistratus.
379 1603 435 1655 llos
452 1603 578 1656 seditiosa
595 1611 676 1672 atque
694 1603 815 1672 improba
826 1601 942 1654 oratione
954 1602 1022 1656 mul·

91 1673 242 1726 titudinem
255 1673 397 1741 deterrere,
411 1689 445 1725 ne
457 1673 621 1726 frumentum
634 1673 784 1726 conserent:
804 1671 873 1741 quod
886 1679 1021 1740 praestare

91 1741 247 1811 debeat,⁴si
258 1741 314 1812 jarn
326 1742 503 1812 principatum
516 1742 618 1796 Galliae
630 1743 750 1796 obtinere
762 1758 813 1794 non
826 1741 952 1810 possent,⁶
960 1740 1021 1794 Gal·

91 1811 193 1880 lorum,
213 1828 294 1881 quarn
313 1814 490 1866 Romanorum
508 1811 621 1881 imperia
637 1811 769 1881 perferre,
794 1827 882 1880 neque
900 1810 1021 1864 dubitare

91 1880 224 1949 debeant,
243 1881 315 1951 quin,
335 1882 356 1934 si
374 1881 511 1934 Helvetios
534 1881 716 1950 superaverint
741 1881 859 1950 Romani,
880 1897 933 1934 une
958 1897 1021 1935 oum

92 1949 203 2020 reliqua
220 1951 308 2004 Gallia
326 1951 429 2003 Aeduis
447 1950 599 2004 libertatem
622 1951 675 2004 sint
693 1951 818 2020 erepturi.
855 1951 898 2004 Ab
916 1949 1021 2004 eisdem

92 2031 189 2073 nostra
201 2020 310 2072 consilia
322 2037 446 2090 quaeque
459 2021 485 2072 in
497 2021 591 2072 castris
601 2030 725 2087 gerantur
737 2020 858 2074 hostibus
876 2021 1020 2074 enuntiari:

92 2089 148 2142 bos
165 2106 183 2140 a
201 2107 230 2142 se
248 2089 364 2142 coerceri
381 2105 433 2142 non
451 2105 538 2158 posse.
574 2089 643 2148 Quin
670 2090 751 2142 etiarn
776 2089 846 2160 quod
872 2091 1021 2143 necessario

91 2175 157 2212 rem
183 2168 292 2210 coactus
310 2158 415 2212 Caesari
441 2158 592 2228 enuntiarit,
611 2158 767 2228 intellegere
784 2177 852 2228 sese,
871 2170 969 2228 quanto
993 2159 1021 2212 id

91 2245 170 2307 cum·
181 2227 300 2297 periculo
318 2228 418 2298 lecerit,
438 2236 465 2280 et
482 2228 517 2280 ob
534 2245 597 2282 eam
615 2245 725 2282 oausam
742 2246 825 2299 quam
842 2229 887 2282 diu
899 2229 1020 2300 potuerit,

93 2305 225 2350 tacuisse.

138 2371 179 2418 18.
197 2367 294 2419 Caesar
312 2365 363 2419 hac
387 2367 503 2420 oratione
521 2366 591 2422 Lisci
599 2367 808 2438 ,Dumnorigenn
828 2369 952 2422 Divitiaoi
970 2367 983 2421 l
1010 2397 1021 2410 ·

93 2445 176 2500 trem,
189 2435 322 2504 designari
340 2435 480 2504 sentiebat,
494 2436 541 2490 sed
560 2435 629 2506 quod
648 2437 768 2505 pluribus
780 2439 962 2506 praesentibus
974 2455 1021 2490 eas

94 2522 141 2558 res
158 2504 252 2574 jactari
271 2504 385 2574 nolebat,
399 2505 520 2559 celeriter
538 2505 680 2559 concilium
698 2505 815 2574 dimittit,
830 2507 939 2559 Liscum
959 2507 1019 2558 reti·

94 2584 159 2628 net:
187 2575 291 2645 quaerit
316 2591 350 2627 err
375 2574 430 2627 solo
453 2591 494 2645 ea,
513 2591 583 2646 quae
601 2575 628 2628 iu
646 2584 778 2628 conventu
803 2575 913 2628 dixerat.
949 2576 1020 2630 Dicit

128 2767 136 2794 ¹
147 2764 264 2824 Nemely‚
275 2763 414 2821 Caesarem,-
431 2764 489 2824 they
499 2763 557 2824 kept
570 2763 661 2813 Caesar
672 2763 779 2825 waiting,
792 2779 819 2812 or
829 2763 909 2812 rather
920 2762 959 2812 led
970 2763 1020 2811 him

98 2835 124 2872 to
135 2833 223 2883 expect
235 2823 287 2870 that
300 2823 379 2870 which
390 2824 420 2870 he
432 2823 473 2871 did
484 2833 524 2872 not
536 2824 639 2872 receive.

126 2889 264 2972 mame'ty,
277 2911 336 2959 tuan
347 2910 378 2960 ne
389 2911 492 2972 thought
503 2910 575 2972 right.

124 2999 137 3070 ,¹
149 2998 224 3068 Qpem
235 2998 293 3046 does
304 3008 347 3046 not
357 2997 418 3047 refer
429 3009 454 3046 to
464 2998 506 3046 the
515 2997 669 3059 magistrecy,
678 2999 721 3046 but
731 3007 755 3046 to
765 2998 805 3046 the
814 3013 902 3058 person
910 2998 1021 3047 mvestsd

99 3059 275 3178 W¹⁴tl¹llecause
286 3131 304 3178 it
317 3139 382 3178 must
392 3131 423 3178 be
435 3129 566 3190 preferable
578 3130 645 3191 (they
654 3135 706 3190 say)
716 3139 741 3178 to
752 3132 809 3178 bear
817 3130 859 3178 the
870 3111 972 3191 swaycl
978 3129 1020 3180 the

101 3192 188 3248 Gauls,
201 3190 261 3238 than
272 3189 324 3237 that
335 3189 362 3238 os
370 3191 411 3238 the
424 3189 549 3238 Romans.¹

128 3265 138 3294 ⁶
153 3265 209 3333 The
226 3277 298 3332 sense
316 3258 414 3331 implied
431 3264 456 3311 in
472 3262 521 3311 this
538 3261 662 3322 imperfect
679 3262 774 3332 is„that
791 3263 832 3310 the
844 3261 926 3311 Aedui
942 3263 1019 3334 might

101 3322 272 3392 possiblyqstrll
283 3325 366 3393 obtain
377 3323 416 3371 the
433 3334 584 3383 supremacy.
615 3321 698 3370 There
709 3337 729 3370 rs
741 3336 772 3370 no
783 3321 844 3370 need
855 3322 890 3370 lor
901 3321 1019 3386 changrng

104 3392 199 3446 present
216 3392 267 3432 utto
281 3393 383 3446 possset.
