2272 3788
428 283 519 324 uana
538 283 589 326 vn.
906 263 965 324 209

53 391 153 450 castris
169 389 320 444 habiturum
342 399 369 445 et
386 393 474 445 terrori
497 391 617 446 hostibus
633 390 759 448 loturum.
796 391 968 446 Conclamant

54 463 170 532 equites,
184 461 348 514 sanctissimo
365 460 533 532 jurejurando
546 462 721 516 confirmatio
740 470 831 530 ortere,
846 479 879 514 ne
899 470 967 514 tecto

54 531 206 602 recipiatur,
216 548 249 583 ne
261 530 295 582 ad
307 530 411 600 liberos,
420 549 453 584 ne
465 529 642 600 adparentes,
652 549 685 585 ne
698 479 853 584 admoram
865 531 967 586 aditum

54 601 164 668 habeat,
177 601 223 670 qui
234 616 285 652 non
298 599 339 653 bis
350 618 397 670 per
408 617 504 669 agmen
525 601 640 654 hostiurn
652 601 829 672 perequitant.

91 676 136 724 67.
155 671 267 724 Probata
280 687 307 722 re
319 679 397 739 atque
410 669 533 724 omnibus
543 671 579 724 ad
590 671 774 742 jusjurandum
786 670 895 740 adactis,
909 687 967 740 pos-

55 750 114 794 tero
133 739 178 792 die
195 740 222 794 in
241 748 295 791 tres
312 748 400 808 partes
417 739 555 793 distributo
573 742 700 811 equitatu,
714 739 783 794 duae
796 757 824 793 se
842 740 916 792 acies
933 739 969 794 ab

55 810 163 864 duobus
175 809 302 868 lateribus
313 808 468 862 ostendunt:
488 826 540 878 una
557 827 574 861 a
592 811 674 879 primo
693 810 799 880 agmine
818 809 867 863 iter
885 810 968 888 impe·

55 879 113 932 dire
134 878 229 948 coepit.
265 878 323 936 Qua
343 896 370 930 re
390 879 520 947 nunciata,
535 879 631 932 Caesar
647 897 726 932 suum
744 895 848 950 quoque
868 889 969 948 equita·

55 957 124 1016 tum,
146 947 273 1018 tripartito
290 947 414 1019 divisum,
433 957 523 1000 contra
539 948 642 1002 hostem
661 949 699 1001 ire
715 948 800 1018 jubet.
836 949 982 1017 Pugnatur*

56 1020 120 1070 una¹
143 1027 207 1070 tunc
229 1017 351 1070 omnibus
374 1017 549 1086 inpartibus:
577 1018 695 1071 consistit
718 1035 830 1088 agmen:
857 1019 969 1087 impedi·

56 1095 151 1140 manta
168 1086 236 1139 inter
247 1087 365 1154 legiones
382 1087 549 1156 recipiuntur.
585 1087 611 1140 Si
628 1105 682 1158 qua
699 1087 725 1140 in
743 1099 817 1158 parte
836 1089 915 1140 nostri
933 1088 969 1140 la·
1049 1131 1054 1140 .

56 1157 151 1210 borare
168 1164 216 1208 aut
231 1156 337 1224 gravius
354 1157 439 1234 premi
458 1155 666 1227 videbantur,eo
679 1158 754 1226 signa
772 1157 860 1210 inferri
873 1159 970 1211 Caesar

56 1227 200 1294 aciemque
217 1226 333 1282 converti
350 1226 475 1294 Jubebat:
494 1243 564 1294 quae
582 1244 624 1279 res
636 1235 663 1280 et
681 1226 771 1279 hostes
782 1227 816 1280 ad
829 1228 970 1297 insequen-

56 1297 124 1350 dum
152 1293 278 1365 tardabat,
299 1303 326 1348 et
343 1297 444 1348 nostros
461 1311 507 1364 spe
523 1296 614 1351 arixilii
633 1296 812 1349 continuabat.
848 1297 969 1349 Tandem

56 1363 188 1419 Germani
199 1365 234 1418 ab
245 1364 336 1416 dextro
349 1364 438 1435 latere,
452 1382 588 1418 summurn
604 1365 698 1435 jugum
711 1365 788 1434 nacti,
803 1367 893 1418 hostes
911 1365 969 1418 loco

57 1433 212 1505 depellunt,
230 1433 362 1502 fugientes
373 1451 456 1503 usque
469 1433 501 1486 ad
515 1435 634 1504 flumen,²
645 1435 689 1496 ubi
700 1435 899 1501 Vercingetorix
908 1452 971 1487 cum

56 1503 229 1575 pedestribus
240 1503 322 1572 copiis
333 1504 494 1573 consederat,
508 1514 701 1574 persequuntur
712 1505 914 1574 compluresque
933 1505 971 1556 in·

58 1574 203 1628 terficiunt.
239 1572 297 1630 Qua
309 1590 336 1625 re
348 1572 539 1642 animadversa,
553 1573 646 1643 reliqui
668 1590 701 1626 ne
719 1573 972 1626 circumvenirentur

57 1644 146 1713 veriti,
171 1659 201 1694 se
227 1641 305 1710 fugae
325 1642 460 1694 mandant.
496 1643 625 1696 Omnibus
644 1613 710 1696 locis
730 1643 759 1695 fir
777 1643 889 1696 caedes:
918 1651 972 1694 tres

57 1711 218 1768 nobilissimi
240 1711 329 1764 Aedui
353 1712 422 1781 capti
442 1711 476 1764 ad
495 1713 637 1764 Caesarem
654 1711 847 1782 perducuntur:
874 1712 973 1782 Cotus,³

57 1781 213 1854 praelectus
236 1781 365 1850 equitum,
389 1781 435 1851 qui
460 1782 662 1834 controversiam
687 1797 749 1835 cum
767 1781 972 1836 Convictolitane

29 1881 33 1894 i
57 1851 187 1923 proximis
209 1849 322 1904 comitiis
347 1850 490 1920 habueram
515 1859 541 1904 et
561 1850 715 1920 Cavarillus,
735 1851 781 1920 qui
806 1861 865 1922 post
883 1851 972 1904 desec-

58 1923 161 1976 tionem
175 1919 285 1976 Litavioi
321 1920 467 1982 edestnbus
485 1921 568 1990 copiis
587 1921 751 1991 praefuerat,
770 1929 797 1974 et
809 1921 971 1992 Eporedirix,

58 2007 113 2061 quo
125 1990 195 2043 duce
204 1996 269 2059 ,ante
286 1937 430 2044 adventum
443 1991 564 2044 Caesaris
580 1991 668 2045 Aedui
681 2007 743 2045 cum
756 1991 884 2062 Sequanis
901 1991 973 2044 bello

58 2059 259 2116 contenderant.
482 2119 484 2121 ,

94 2135 139 2183 68.
159 2129 261 2196 Fugato
281 2128 352 2181 omni
372 2129 498 2198 equitatu,
519 2129 718 2198 Vercingetorix
736 2131 826 2200 copias
844 2147 913 2200 suas,
936 2131 974 2184 ut*

57 2216 107 2270 pro
125 2197 219 2252 castris
230 2197 412 2267 collocaverat,
426 2199 543 2267 reduxit,
562 2201 732 2269 protinusque
751 2199 891 2280 Alesiam,⁵
902 2200 974 2269 quod

57 2279 101 2322 est
121 2285 137 2320 o
156 2267 249 2338 pidum
266 2267 479 2336 Mandubiorum,
499 2268 547 2334 iter
564 2268 652 2321 facere
671 2268 773 2337 coepit,
800 2269 974 2339 celerrtarque

57 2340 117 2407 imp
157 2339 161 2348 '
193 2344 255 2389 enta
267 2353 301 2389 ex
312 2336 408 2389 castris
425 2335 503 2389 educi
515 2345 542 2388 et
560 2353 589 2388 ss
608 2337 734 2406 subsequi
750 2337 837 2407 jussit.
867 2339 973 2410 Caesar,

57 2406 261 2478 impedimentis
280 2406 308 2458 in
328 2406 476 2475 proximum
500 2405 597 2458 colle'rn
613 2405 743 2475 deductis,
763 2405 920 2475 duabusque
938 2408 975 2460 le-

57 2475 194 2547 gionibus,
203 2475 332 2545 praesidio
351 2474 456 2542 relictis,
471 2484 587 2543 secutus,
601 2483 731 2544 quantum
742 2475 797 2527 diei
816 2484 922 2545 ternpus
934 2485 975 2530 est

57 2561 179 2619 passum,
192 2544 297 2598 circiter
309 2544 393 2598 tribus
409 2544 517 2597 milibus
529 2544 644 2597 hostium
656 2561 691 2597 ex
707 2544 850 2602 novissimo
868 2545 975 2614 agmine

90 2705 99 2732 ¹
114 2699 177 2760 Una,
192 2710 230 2748 ‘at
242 2715 287 2748 one
299 2700 345 2748 and
356 2700 397 2748 the
408 2715 475 2748 same
486 2700 564 2748 tims.’

90 2777 101 2805 ²
110 2773 173 2823 This
183 2773 247 2822 river
257 2773 277 2822 is
289 2773 331 2821 the
341 2773 406 2821 Arar
417 2773 524 2830 (Saone).

90 2847 260 2914 ³Respecting
277 2846 354 2896 Cotus
369 2846 416 2914 and
426 2845 641 2904 -convictoliranis,
659 2863 701 2898 see
715 2847 756 2897 vii.
771 2851 808 2905 33,
821 2850 865 2906 393
883 2847 976 2917 though

60 2909 104 2956 the
118 2903 323 2975 Eporedmnlhere
332 2905 468 2953 mentioned
475 2914 561 2952 cannot
569 2908 600 2954 be
610 2907 652 2976 the
662 2923 730 2956 same
742 2924 768 2956 as
779 2907 820 2956 the
832 2923 877 2976 one
889 2907 944 2956 who
955 2907 976 2956 is

60 2965 158 3074 pppllpern
168 2963 196 3012 of
203 2981 227 3012 rn
237 2980 277 3012 vu.
290 2967 333 3012 54:
345 2961 376 3011 he
385 2979 441 3024 may
449 2963 510 3014 have
521 2966 584 3014 been
593 2965 631 3016 lus
642 2966 727 3025 father,
736 2982 763 3014 or
772 2982 833 3014 even
843 2966 882 3014 his
889 2966 975 3028 grand-

92 3100 100 3128 ⁴
115 3097 156 3154 Ut,
172 3095 231 3152 ‘as,'
245 3111 272 3144 or
285 3095 323 3142 ‘in
339 3095 380 3144 the
397 3089 464 3144 same'
480 3094 587 3146 manner’
606 3113 632 3146 or
652 3099 733 3148 ‘order
750 3097 865 3162 inwhich
882 3098 913 3147 hs
928 3099 976 3146 hsd

61 3157 147 3206 drawn
158 3156 225 3204 them
236 3155 287 3214 up,'
301 3154 349 3203 duc.
440 3161 442 3169 ‘

93 3229 204 3286 ⁵Alesr'c,
218 3245 233 3278 a
248 3240 314 3276 town
331 3227 435 3278 situated
452 3245 483 3279 on
500 3246 514 3277 a
530 3230 694 3280 considerable
710 3233 843 3288 eminence,
862 3231 909 3280 and
924 3247 975 3280 sur·

63 3287 172 3339 rounded
183 3304 214 3336 cn
226 3298 274 3336 two
285 3287 349 3336 sides
362 3289 393 3348 by
404 3288 487 3346 risere,
500 3289 520 3338 is
531 3289 573 3338 the
584 3290 684 3340 modern
694 3291 772 3342 Alise.
806 3289 924 3352 Compare
935 3290 975 3340 vii.

63 3353 104 3406 69,
117 3347 216 3456 anqatlpe
227 3347 283 3409 plan
294 3347 361 3396 there
373 3347 452 3408 gisem
478 3361 479 3366 ¹
553 3420 568 3456 ⁸
