2268 3786
131 303 181 368 'w
440 319 482 364 ιιι
502 319 600 364 nono
620 320 758 366 murco.
840 345 842 354 .

140 447 223 488 conss
239 447 333 486 mcum
349 429 475 489 mochus.
510 431 580 485 Huic
599 431 705 501 maguis
724 431 852 501 praemiis
870 429 1069 512 pollicitationi·

140 501 245 572 busque
262 501 412 572 persuadet,
430 501 469 554 uti
485 501 519 554 ad
537 501 628 554 hostes
648 509 772 569 trauseat,
790 511 817 554 et
833 501 899 572 quid
915 501 973 555 fieri
989 501 1067 571 velit,

141 569 244 626 edocet.
280 571 332 631 Qui
344 571 390 625 ubi
400 587 447 694 ppo
464 569 576 640 perfuga
593 569 627 624 od
646 587 693 624 eos
704 571 785 640 venit,
797 571 923 624 timorem
933 571 1068 626 Romano-

102 661 108 674 ·
140 657 201 696 mm
237 641 343 712 reponit,
361 657 407 711 qur
427 657 459 694 ns
472 641 603 710 augustiis
619 640 677 710 ipse
693 641 943 695 CaesaraVenetis
978 657 1066 695 remo·

141 719 190 781 tur,
221 721 289 782 ooet,
302 728 390 792 neque
403 711 515 780 lougius¹
526 709 630 781 obesse,
644 711 708 781 quin
720 710 841 782 proxime
859 719 938 765 nocte
984 711 1067 764 binus

140 779 213 836 clam
228 797 263 836 ex
279 791 374 836 castus
389 780 537 834 exercitum
551 780 648 834 educat
665 789 693 834 et
707 779 743 834 ed
758 780 903 834 Caesarem
920 781 1015 834 anxilii
1027 779 1065 834 le·

141 851 216 906 rendi
228 867 310 906 cause
321 850 509 931 proficiscatur.
545 849 623 909 Quod
635 850 681 904 ubi
699 849 820 904 anditum
834 858 882 921 est,
896 851 1066 904 conclamant

141 935 236 976 omnes
247 935 415 974 occasionem
427 918 524 988 negotii
534 919 603 974 bene
614 919 725 990 gerendi
736 920 915 974 amittendam
923 937 975 974 nou
986 937 1064 974 esse:

141 989 176 1044 od
193 999 280 1044 castra
295 990 326 1043 iri
342 998 470 1060 oportere.
506 988 611 1042 Multae
627 1005 670 1042 res
689 988 792 1043 adhoc
812 989 955 1044 consilinm
973 989 1066 1044 Gallos

141 1059 326 1114 humabantur:
353 1058 517 1129 superiorem
536 1057 641 1114 dierum
662 1058 753 1114 Sabini
772 1059 915 1130 cunctatio,
935 1059 1066 1132 perfugae

140 1129 312 1198 confirmatio,
330 1130 418 1199 inopia
436 1127 608 1210 ¹cibariorum²
626 1129 670 1183 oui
693 1130 731 1182 rei
750 1145 846 1199 parum
866 1129 1011 1200 diligenter
1030 1128 1066 1184 eb
1123 1171 1124 1180 ι

141 1198 185 1252 lris
204 1207 261 1252 erat
280 1197 422 1276 provisum,
439 1215 502 1268 spes
512 1199 635 1253 Venenci
654 1198 726 1266 belli,
739 1208 767 1252 et
782 1199 853 1268 quod
873 1199 931 1253 fere
952 1198 1066 1254 libenter

140 1267 320 1337 immineam,
341 1266 417 1337 quod.
432 1267 531 1339 volunt,
551 1268 672 1324 credunt.
708 1268 756 1322 His
779 1269 859 1322 rebus
881 1267 992 1324 adducti
1012 1285 1065 1322 non
1125 1329 1126 1332 Ἰ

141 1338 214 1410 prius
228 1337 407 1391 Viridovicem
428 1337 597 1408 reliquosque
620 1338 704 1392 duces
723 1355 758 1392 ex
782 1338 892 1392 concilio
916 1337 1065 1408 dimittunt,

141 1423 222 1478 qoem
246 1406 282 1461 ab
302 1407 346 1462 his
365 1407 399 1461 sit
418 1424 584 1478 concessum,
602 1423 678 1462 enne
697 1408 735 1462 uti
755 1408 861 1530 capient
878 1418 905 1462 et
924 1409 959 1462 ad
978 1416 1066 1462 castra

140 1477 310 1532 contendent.
346 1477 405 1537 Quo
418 1493 586 1532 reconcesse
603 1477 667 1532 loeti
684 1485 714 1531 ut
731 1477 1064 1548 expomuvictoriem-
1128 1536 1129 1540 ,

140 1548 241 1602 mentis
251 1546 427 1618 virgultisque
444 1546 572 1618 collectis,
585 1546 684 1618 quibus
701 1547 786 1602 fossus
797 1547 974 1602 Romanorum
993 1564 1066 1602 com·
1128 1549 1129 1552 ’

140 1617 238 1689 pleoni,
251 1617 384 1672 adcestre
396 1625 516 1688 pergunt.
1007 1624 1011 1631 ·
1129 1621 1130 1628 ’

179 1693 219 1742 19.
237 1687 325 1742 Locus
341 1696 399 1741 erat
415 1695 561 1742 castrorum
579 1685 668 1740 editus
685 1695 713 1740 et
731 1685 859 1757 paulstim
872 1687 907 1740 ab
919 1686 974 1742 imo
986 1686 1066 1742 ecoli·

142 1757 191 1828 ris‚
209 1757 313 1812 circiter
330 1774 426 1837 pessus
442 1756 526 1811 mille.
562 1755 622 1809 lluc
639 1773 736 1836 magno
759 1773 839 1810 cursu
863 1755 1065 1828 contenderunt,

140 1841 263 1898 utquam
275 1827 419 1880 minimum
437 1826 514 1898 spatii
532 1825 568 1880 ad
586 1842 615 1879 se
633 1825 797 1896 colligendos
808 1826 1004 1896 curandosque
1015 1827 1065 1882 Ro·

140 1896 229 1952 manis
239 1895 355 1965 daretur,
367 1896 565 1966 exanimatique
577 1907 764 1966 pervenerunt.
800 1895 915 1950 Sabinus
932 1913 995 1950 suos
1005 1896 1066 1951 hor·

82 1983 85 1989 ’
141 1974 212 2020 totus
222 1965 393 2035 cupientibus
410 1967 516 2036 signum
529 1964 583 2019 det.
619 1964 760 2036 Impeditis
771 1965 892 2021 hostibus
904 1975 1010 2038 pmpter
1022 1983 1064 2047 ers²

141 2051 211 2105 quae
229 2034 358 2105 serebant,
377 2053 458 2090 onera
476 2034 563 2090 subito
586 2034 692 2090 duobus
714 2036 795 2106 portis
818 2037 985 2107 eruptionem
1007 2035 1066 2091 ficu

139 2103 225 2174 jubet.
261 2103 375 2159 Factum
393 2115 433 2160 est
449 2105 643 2176 opportunitate
661 2103 719 2173 loci,
737 2105 854 2160 hostium
874 2105 1015 2160 inscientia
1033 2122 1066 2160 ao

141 2172 338 2246 defetigatione,
353 2175 447 2230 virtute
464 2173 582 2230 militum
601 2183 628 2228 et
646 2174 810 2246 superiorum
823 2192 973 2246 pugnarum
990 2191 1065 2230 exer·

141 2243 318 2314 citationem
334 2261 368 2298 ue
383 2262 467 2300 unum
484 2244 594 2316 quidem
611 2252 760 2298 nostrorum
776 2245 909 2316 impetum
921 2244 1021 2300 ferrent
1032 2262 1065 2299 ac

141 2314 233 2368 stetim
244 2323 318 2384 terga
330 2323 473 2368 verterent.
509 2314 582 2373 Quos
600 2313 744 2384 impeditos
761 2314 871 2384 integris
883 2314 984 2369 viribus
994 2313 1064 2370 mili·

142 2391 183 2438 tes
201 2385 282 2438 nostri
299 2385 436 2440 consecuti
454 2393 583 2454 magnum
608 2399 751 2442 numerum
778 2401 869 2438 eorum
894 2383 1064 2454 occiderunt5

141 2453 257 2525 reliquos
274 2455 380 2526 equites
397 2453 542 2509 consectati
561 2470 668 2523 paucos,
682 2454 727 2526 qui
739 2471 774 2507 ex
786 2453 850 2522 fuge
862 2463 1011 2524 evaserant,
1025 2469 1063 2508 re·

141 2523 159 2578 li
179 2534 282 2579 uerunt.
318 2523 361 2579 Sic
372 2542 425 2580 uno
439 2534 557 2594 tempore
568 2531 596 2576 et
609 2521 644 2576 de
662 2521 750 2594 neveli
762 2541 852 2604 pugna
864 2522 979 2577 Sabinus
990 2522 1063 2578 etde

141 2542 233 2650 &ticini
250 2594 362 2648 victoria
379 2595 477 2648 Caesar
494 2592 590 2646 certior
607 2593 702 2662 factus,
721 2593 898 2663 oivrtetesque
922 2609 1017 2647 omnes
1034 2609 1063 2646 ae

141 2664 232 2718 statim
243 2663 346 2717 Titurio
357 2662 526 2718 dediderunt.
560 2663 633 2718 Nem
644 2671 675 2716 ut
685 2662 720 2716 cd
732 2661 804 2716 bella
815 2662 989 2733 suscipienda
999 2662 1060 2718 Gal·

141 2733 226 2788 lorum
244 2733 333 2786 alacer
343 2749 377 2786 ac
393 2743 531 2803 promptus
547 2740 589 2786 est
606 2731 732 2803 unimus,³
743 2730 783 2786 sic
794 2731 884 2786 mollis
900 2748 934 2786 ac
950 2731 1063 2788 minim·

59 2861 65 2871 ,
141 2801 494 2858 resistenedcalumitetes
504 2801 677 2874 perferendas
688 2817 768 2856 mens
779 2818 873 2855 eorum
884 2811 935 2856 est.
1024 2869 1027 2874 ι

170 3037 316 3102 ¹Longiosr
325 3035 431 3105 numely·¹
440 3053 491 3084 osc
498 3044 608 3106 oosteqes
616 3017 638 3087 is
646 3036 745 3100 implied
753 3037 779 3088 in
787 3037 829 3088 the
836 3036 962 3102 following
970 3037 1060 3096 uiua

141 3097 233 3149 sother
243 3097 286 3146 the
297 3105 460 3156 comparatus
470 3105 561 3146 reterns
571 3106 604 3145 ιιι
614 3112 701 3158 proper
710 3096 783 3148 force.
1131 3129 1133 3136 ,

170 3186 179 3214 ¹
189 3183 255 3234 Thu
266 3183 296 3241 is,
308 3191 336 3232 ot
346 3190 409 3232 corto
419 3183 527 3240 sutem,
541 3187 584 3232 ‘os
594 3183 688 3246 though
698 3183 741 3234 the
750 3183 845 3245 victory
855 3198 921 3235 were
931 3181 1040 3234 cortaiu’

170 3270 291 3321 'Asinos
302 3272 323 3320 is
336 3271 472 3332 ‘comaga'
484 3271 532 3321 and
541 3285 607 3321 nom
617 3271 716 3330 ‘mind’
726 3285 754 3322 or
762 3271 805 3322 the
816 3287 899 3334 power
909 3272 935 3322 ἰιι
944 3269 1063 3322 ustholr

142 3328 526 3390 commemoratorum
596 3359 605 3367 .,
