2272 3788
459 271 551 317 mea
570 273 611 314 rr.
939 253 993 316 tot

70 381 150 436 nodis
167 379 339 450 articulisque
356 377 471 436 babent:
490 395 579 450 neque
595 379 696 449 quietis
706 395 790 434 musa
806 379 993 452 procumbunt,

70 467 171 520 neque,
185 452 207 502 si
219 466 273 518 quo
284 448 402 502 afflictas
414 465 479 502 casu
498 447 669 520 conciderint,
682 451 784 518 erigere
802 467 863 504 sese
880 459 926 506 aut
935 451 996 506 sub

70 520 163 574 levare
182 527 301 588 possunt.
337 517 387 570 His
401 526 463 571 aunt
482 517 590 572 arbores
608 534 654 588 pro
674 517 825 572 cubilibus:
842 520 877 573 ad
898 535 946 574 saa
965 535 997 574 se

69 589 216 668 applicant,
229 595 310 656 atque
331 586 375 656 ita,
383 585 516 665 ¹paullum
538 586 618 640 ruodo
638 586 792 657 reclinatae,
812 588 933 657 quietem
952 605 997 644 oa·

68 665 165 728 prunt:
184 673 298 726 quarum
311 671 346 709 ex
357 655 477 724 vestigiis
488 671 572 724 quum
590 665 632 710 est
643 656 862 712 animadversum
880 674 897 710 a
916 675 997 712 rena·

69 727 183 795 toribus,
204 742 257 794 quo
276 742 305 778 se
324 725 443 795 recipere
461 725 621 795 consuerint,
641 741 737 779 omnes
759 743 792 778 eo
815 724 873 780 loco
895 736 942 781 aut
960 727 997 784 ab

70 795 208 848 radicibus
231 793 369 863 subruunt,
387 803 434 848 aut
451 793 578 847 accidunt
594 795 703 848 arbores
720 803 872 869 tanturn,ut
890 813 997 850 summa

69 865 293 934 speeies¹earurn
311 863 439 916 stantium
457 862 630 932 relinquatur.
666 863 726 916 Huc
737 879 823 934 quum
841 881 870 918 se
886 881 998 920 cousue-

68 933 166 987 tudine
186 932 378 1002 reclinaverint,
391 931 511 986 infirmas
521 931 630 986 arbores
646 932 764 1003 pondere
775 933 897 1002 affligunt
915 942 998 1004 atque

69 1018 126 1056 uua
138 1003 213 1072 ipsae
225 1000 375 1054 concidunt.

106 1075 150 1123 28.
170 1069 291 1126 Tertium
304 1077 345 1122 est
356 1085 442 1137 genus
453 1085 555 1138 eorum,
568 1070 614 1140 qui
627 1069 677 1124 uri·
687 1067 863 1150 appellantur.
892 1071 925 1124 Hi
935 1078 997 1124 sunt

68 1130 259 1208 magniludine
270 1139 360 1208 paullo
367 1137 435 1191 inira
444 1135 616 1208 elephantos;
634 1155 724 1208 specis
736 1148 763 1192 et
775 1139 862 1192 colors
873 1148 901 1192 et
912 1139 999 1208 figura

69 1209 150 1262 tauri.
184 1209 288 1277 Magna
300 1209 342 1260 ris
359 1223 452 1260 eorum
470 1215 497 1260 st
515 1223 614 1275 magna
625 1207 768 1261 velocitas:
786 1226 803 1261 u
840 1225 875 1260 ue
888 1209 997 1278 bomini,

69 1294 162 1347 neque
174 1275 257 1341 ferae,
270 1293 352 1345 quarn
364 1277 690 1398 conspexerintbparcunt.
715 1277 770 1330 llos
781 1225 900 1330 stir‘diose
912 1277 999 1332 loreis

68 1355 165 1416 captos
189 1345 357 1398 interficiunt.
392 1345 450 1397 Hoc
474 1361 504 1396 se
527 1343 552 1396 le
590 1361 616 1398 re
637 1344 732 1399 durant
753 1345 877 1398 homines
894 1347 999 1400 adoles·

69 1424 167 1470 centes
178 1425 259 1483 atque
277 1413 328 1468 hoc
345 1429 444 1481 genere
455 1413 604 1467 venationis
616 1423 741 1468 exercent
748 1431 757 1483 3
775 1417 806 1466 et'
814 1413 859 1482 qui
871 1413 1000 1483 plurimos

69 1499 105 1538 ex
124 1483 169 1538 bie
187 1482 384 1552 interfecerunt,
399 1481 489 1535 relatis
508 1483 534 1536 in
573 1481 691 1536 oblicum
709 1481 842 1551 cornibus,
856 1499 927 1552 quae
946 1484 999 1538 siut

68 1553 233 1622 testimonio,
245 1568 374 1620 magnam
391 1551 479 1604 serunt
496 1550 540 1604 lau
560 1567 614 1604 ern.
650 1551 703 1604 Sed
721 1550 882 1604 adsuescere
897 1550 934 1622 ad
953 1551 1000 1604 lto-¹

69 1622 163 1676 mines
186 1629 212 1673 et
235 1620 408 1674 mansuefieri
430 1637 465 1674 ne
488 1619 591 1688 parvuli
614 1619 729 1688 quidem
746 1618 852 1689 excepti
870 1621 1000 1688 possunt.⁸

70 1689 231 1760 Amplitudo
243 1705 371 1742 comuum
383 1696 411 1742 et
422 1689 508 1757 figura
525 1696 552 1741 et
571 1689 678 1758 species
687 1687 804 1742 multum
822 1704 837 1740 a
851 1695 999 1742 uestrorum

69 1760 156 1823 bourn
177 1758 301 1812 comibus
320 1757 417 1810 differt.
453 1757 528 1810 Haec
548 1757 667 1810 studiose
686 1757 836 1827 conquisita
857 1755 892 1810 ab
910 1755 1000 1810 labris*

69 1835 184 1896 argento
195 1825 409 1882 circumcludunt
419 1834 500 1896 atque
513 1825 541 1881 in
552 1825 726 1896 amplissimis
737 1826 826 1897 epulis
838 1843 884 1898 pro
896 1825 1000 1898 poculis

69 1905 192 1950 utuntur.
711 1931 714 1938 ι

108 1970 153 2018 29.
190 1965 296 2032 Caesar,
320 1971 463 2032 postquam
488 1977 536 2034 per
558 1961 642 2017 Ubios
665 1963 843 2032 exploratores
869 1965 999 2034 comperit

70 2035 177 2089 Suevos
201 2049 260 2086 sese
284 2033 311 2086 in
334 2031 417 2086 silvas
440 2033 582 2102 recepisse,
604 2033 720 2103 inopiam
741 2033 868 2088 frumenti
888 2035 997 2104 veritus,

70 2102 155 2172 quod,
168 2109 197 2154 ut
210 2117 288 2172 supra
300 2100 549 2170 demonstravimus,
562 2101 674 2155 minime
686 2119 780 2156 omnes
792 2103 920 2157 Gennani
930 2103 999 2172 agri·

70 2171 195 2226 culturae
219 2172 335 2236 student,
356 2170 491 2223 constituit
514 2187 567 2222 non
591 2171 711 2250 progredi
735 2171 855 2242 longius,
882 2172 938 2242 sed,
963 2187 998 2232 ue

69 2241 182 2294 omnino
202 2249 305 2292 metum
323 2239 423 2292 reditus
439 2238 481 2290 sui
498 2238 616 2292 barbaris
634 2239 744 2310 tolleret,
758 2248 839 2320 atque
858 2249 887 2293 ut
905 2257 999 2294 eorum
1041 2267 1046 2278 ·

69 2309 173 2364 auxilia
198 2307 320 2376 tardaret,
346 2307 455 2360 reducto
474 2308 602 2378 exercitu,
627 2318 731 2388 partem
754 2309 878 2361 ultimam
901 2310 997 2380 pontis,

70 2395 145 2449 quae
161 2378 239 2446 ripas
268 2377 394 2430 Ubiorum
424 2375 601 2446 contingebat,
624 2395 652 2430 rn
682 2373 874 2444 longitudinem
898 2379 998 2446 pedum

71 2465 116 2502 cc.
138 2445 265 2499 rescindit
272 2462 280 2513 ;
303 2453 386 2514 atque
409 2445 437 2499 in
460 2455 580 2499 extremo
603 2453 683 2516 ponte
701 2444 795 2496 turrim
819 2443 998 2498 tabulatorum

70 2524 186 2586 quatuor
214 2515 351 2568 constituit
386 2514 605 2585 praesidiumque
642 2511 793 2565 cohortium
827 2528 877 2565 111.
908 2513 995 2582 pontis

70 2582 166 2639 tuendi
197 2599 278 2636 causa
306 2583 387 2655 ponit,
411 2583 568 2652 magnisque
598 2597 662 2634 sum
692 2579 782 2644 locum
806 2579 998 2634 munitionibus

70 2655 169 2708 firmat.
208 2651 241 2706 Ei
259 2652 318 2706 loco
341 2651 525 2722 praesidioque
548 2652 578 2704 C.
596 2649 748 2704 Volcatium
767 2647 876 2702 Tullum
895 2648 997 2702 adoles·

102 2835 110 2864 ¹
120 2832 217 2880 Sammo
225 2832 330 2894 speeiem
347 2831 401 2879 that
412 2831 442 2888 is,
457 2831 515 2879 ‘the
525 2830 623 2892 general
634 2830 735 2906 aspect!

101 2919 111 2948 ⁹
125 2917 191 2966 Urus
207 2917 228 2965 is
240 2933 254 2964 a
266 2917 373 2965 German
384 2916 452 2965 word
463 2917 513 2971 (the
530 2915 575 2964 full
591 2915 654 2964 t'orm
670 2916 691 2964 is
707 2911 831 2964 aiter-celis
845 2929 873 2963 or
882 2917 995 2970 rar-ocia),

71 2977 121 3028 and
132 2973 241 3038 signifies
252 2991 266 3024 a
279 2974 419 3024 ‘mountain
429 2975 490 3024 bull'
502 2989 529 3024 ur
542 2974 615 3024 ‘wild
625 2974 695 3024 bull'

102 3062 214 3110 'Caesar
224 3055 282 3110 here
293 3061 415 3112 mentions
426 3061 484 3122 only
495 3061 538 3109 the
547 3075 631 3122 young
642 3062 691 3118 uri,
703 3060 750 3109 and
761 3027 848 3110 allone
859 3059 901 3108 the
912 3057 998 3108 reader

72 3131 99 3172 to
110 3121 178 3170 draw
189 3120 227 3168 bis
238 3135 294 3168 own
305 3119 459 3169 conclusione
469 3120 609 3181 respecting
619 3119 660 3168 the
671 3119 713 3168 old
723 3133 791 3168 ones.

72 3209 116 3315 out,
121 3205 262 3314 ‘3th5
280 3206 333 3255 that
344 3207 375 3264 ie,
385 3207 467 3259 where
478 3206 520 3256 the
532 3208 598 3255 lobea
609 3205 674 3302 (lips)
683 3205 760 3256 touch
771 3205 839 3257 them
850 3205 875 3254 in
885 3202 998 3266 drinkiuu

165 3337 215 3386 14*
438 3403 442 3424 Ι
565 3351 581 3386 o
