2268 3786
174 283 232 346 ltu
473 302 514 344 nu
535 301 630 346 aaran
650 301 785 344 amurca.

171 410 307 466 onerariae
324 409 394 464 duae
406 409 524 482 eosdem,
538 428 605 482 quos
617 409 719 481 reliqui,
733 419 821 482 portus
836 427 932 482 capere
950 427 1003 466 uon
1014 417 1089 482 potu·

172 489 249 536 erunt
261 489 289 534 et
300 481 381 550 paulu¹
390 480 457 536 infra
469 479 573 534 delatae
586 490 655 534 sunt.

205 553 249 604 37.
268 549 371 610 Quibus
386 567 420 604 arr
438 552 551 604 naribus
568 567 631 604 cum
649 558 740 604 essent
750 549 863 620 expositi
876 549 977 604 milites
987 550 1090 604 circiter

172 621 284 674 trecenti
298 629 379 689 atque
395 620 423 672 in
440 629 527 674 castra
543 619 741 689 contenderent,
754 620 860 688 Morini,
874 636 942 688 quos
954 619 1051 672 Caesar
1062 620 1089 674 iu

172 687 334 744 Britanniam
354 689 522 759 proficiscens
545 697 653 759 pacatos
672 689 821 759 reliquerat,
841 706 888 759 spe
908 689 1025 759 praedae
1043 689 1089 742 ad·

171 758 245 812 ducti
262 757 346 828 primo
363 776 413 814 non
431 759 468 811 ita
484 775 581 828 magno
599 774 706 812 suorum
721 774 832 812 numero
848 759 1088 812 circumstetemnt¹

171 827 241 882 acsi
258 845 317 881 sese
335 829 448 882 interfici
465 828 572 898 nollent,
585 845 660 882 arma
677 845 774 908 ponere
791 827 933 897 jusserunt.
971 829 1040 882 Cum
1051 828 1089 882 illi

125 906 130 919 “
171 897 235 952 orbe
246 897 317 952 sacto
329 914 389 952 sese
407 897 589 966 defenderent,
603 897 725 950 colenter
741 897 775 950 ad
793 896 938 950 clamorem
951 895 1089 952 homiuum

171 967 275 1022 circiter
293 967 368 1021 inilia
385 983 434 1022 sax
450 975 639 1022 convenerunt.
675 966 775 1026 Quare
792 967 912 1020 nuntiata
924 966 1024 1020 Caemr
1034 984 1088 1022 cm·

171 1053 235 1090 nem
253 1053 288 1092 ex
305 1036 398 1090 castris
415 1054 430 1090 e
449 1037 563 1092 citatum
581 1035 637 1090 suis
653 1036 751 1090 auxilio
769 1036 850 1090 misit.
886 1036 997 1090 Interim
1008 1039 1089 1090 nostri

172 1105 271 1160 milites
289 1106 420 1177 impetum
460 1107 556 1160 ostium
580 1105 760 1160 sustinuerunt
783 1117 864 1175 atque
883 1105 1001 1175 amplius
1020 1105 1089 1160 horis

171 1184 284 1246 quatuor
296 1175 437 1230 fortissime
455 1183 639 1246 pugnaverunt
650 1183 678 1230 et
694 1174 786 1246 paucis
798 1173 954 1230 vulneribus
971 1177 1089 1246 acceptis

172 1244 323 1315 complures
342 1262 376 1300 ex
395 1245 438 1298 bis
456 1244 617 1298 occiderunt.
654 1244 751 1300 Postea
769 1259 831 1298 sero
853 1261 937 1314 quam
955 1245 1089 1314 equitatus

172 1323 260 1369 noster
274 1315 302 1368 in
317 1323 490 1385 conspectum
505 1313 586 1382 venit,
605 1312 696 1368 hostes
712 1312 825 1384 abjectis
841 1314 925 1367 armis
942 1321 1019 1384 targa
1033 1331 1088 1368 ver·

173 1393 259 1438 temnt
270 1400 437 1454 magnusque
450 1401 541 1437 eorum
553 1400 681 1437 numerus
692 1391 733 1436 est
745 1383 858 1436 occisus.
899 1394 902 1406 ·
1000 1387 1003 1391 ’

207 1457 249 1508 38.
267 1454 366 1510 Caesar
384 1464 488 1523 postero
505 1450 549 1506 die
563 1453 654 1508 Titum
666 1452 814 1508 Labienum
830 1451 856 1506 le
891 1461 950 1506 tum
968 1467 1034 1507 cum
1048 1452 1089 1506 his

171 1523 181 1580 l
218 1523 327 1593 'ouibua
345 1540 412 1592 ques
430 1541 466 1578 ex
482 1521 616 1576 Britannia
632 1521 780 1593 reduxerat,
797 1522 824 1574 in
872 1522 965 1591 orinos,
984 1523 1032 1620 spui
1051 1539 1089 1574 rs·

172 1593 206 1648 be
228 1593 316 1647 'onem
334 1592 460 1663 fecerant,
473 1591 553 1646 misit.
590 1591 643 1650 Qui
659 1609 722 1646 curu
735 1599 839 1662 propter
857 1591 993 1644 siccitates
1017 1591 1088 1662 palu·

171 1661 301 1733 dumque
313 1679 343 1716 se
362 1662 509 1732 reciperent
531 1677 582 1714 neu
594 1660 731 1731 baberent,
744 1677 797 1731 quo
850 1659 935 1730 ringio
954 1662 1089 1732 superiore

171 1733 250 1788 anno¹
261 1741 335 1784 erant
343 1731 393 1800 usi,
403 1748 497 1788 omnes
508 1701 565 1786 iere
573 1729 599 1784 in
611 1739 772 1800 potestatem
780 1677 890 1784 Labieni
903 1740 1088 1801 pervenerunt.

127 1863 132 1872 ,
174 1803 208 1856 Ar
224 1800 258 1859 Q·
273 1801 392 1856 Titurius
411 1810 438 1855 et
455 1801 486 1854 L.
503 1801 579 1854 Cotta
595 1798 684 1870 legati,
702 1800 749 1869 qui
768 1800 796 1854 in
814 1799 1005 1880 Menapiorum
1023 1801 1090 1854 fines

172 1869 290 1950 legiones
309 1868 446 1941 duxerant,
457 1869 592 1951 ‘omnibus
612 1885 703 1923 eorum
723 1868 793 1948 agris
811 1877 928 1938 vastatis,
948 1868 1088 1924 frumentis

172 1955 291 2008 aucorem,
307 1939 438 1995 aedificiis
456 1939 579 2008 incensis,
595 1937 805 2008 quodMenapri
824 1956 853 1992 se
871 1955 966 1994 omnes
983 1939 1012 1991 in
1027 1937 1087 1992 deu·

173 2008 381 2062 sissimassilvas
390 2008 554 2078 abdiderant,
565 2025 594 2061 se
603 2007 637 2060 ad
650 2008 792 2062 Caesarem
802 2016 968 2078 receperunt.
994 2009 1088 2062 Caesar

173 2079 201 2132 in
224 2077 313 2147 Belgis
336 2079 455 2133 omniurn
479 2078 616 2147 legionum
638 2076 749 2131 hiberna
774 2077 918 2132 constituit.
955 2077 995 2132 Eo
1021 2077 1088 2130 duae

171 2147 278 2202 omniuo
296 2149 419 2202 civitates
437 2166 471 2202 ex
483 2147 616 2202 Britannia
630 2145 739 2202 obsides
756 2147 895 2226 miserunt,
908 2146 1028 2217 reliquae
1045 2162 1087 2200 ne-

171 2214 319 2286 glexerunt.
355 2217 403 2272 His
423 2217 505 2272 rebus
522 2216 606 2285 gestis
626 2233 660 2271 ex
678 2215 771 2270 literis⁴
789 2215 911 2272 Caesaris
930 2215 1037 2272 dierum
1053 2215 1089 2269 si·

171 2286 239 2356 giuti
250 2286 408 2358 supplicatio
418 2305 436 2341 e
447 2295 542 2342 senatu
553 2285 662 2340 decreta
673 2294 723 2339 sat.
774 2325 776 2330 .

202 2467 336 2531 ¹Naurel'y,
349 2487 400 2530 eoa,
417 2471 469 2520 thet
485 2469 514 2526 is,
528 2469 570 2518 the
585 2468 654 2517 three
670 2468 780 2517 hundred
795 2467 851 2516 who
866 2465 914 2518 had
929 2467 1027 2526 lauded,
1046 2467 1093 2517 end

173 2543 237 2578 were
248 2528 376 2591 hastening
384 2529 489 2578 tcwmds
497 2527 539 2577 the
548 2543 626 2588 camp,
634 2527 723 2584 which,
732 2528 756 2575 in
764 2527 878 2576 Caesar's
886 2529 1002 2585 absence,
1011 2543 1094 2576 seems

172 2587 282 2708 {hagah}
284 2684 290 2695 .
298 2590 361 2638 been
380 2588 488 2650 guarded
509 2590 541 2649 by
560 2587 682 2648 Sulpicius
701 2585 790 2644 Rufus,
811 2602 868 2635 near
886 2587 928 2635 tbe
949 2597 1012 2647 port.
1046 2587 1094 2636 See

201 2719 275 2768 ²Tne
292 2720 370 2780 plural
386 2722 502 2769 sioeitatee
519 2719 593 2768 resers
612 2729 638 2767 to
654 2718 695 2768 the
712 2718 806 2767 several
822 2718 904 2778 places
922 2719 947 2766 in
958 2718 1042 2767 which
1054 2718 1095 2767 the

173 2778 274 2839 dryrress
285 2778 416 2840 prevented
426 2779 489 2828 their
499 2779 584 2840 taking
594 2779 686 2840 refuge,
695 2793 724 2826 so
734 2778 785 2826 that
794 2779 910 2826 sudtates
920 2777 942 2826 is
953 2779 1096 2838 equivalent

172 2848 198 2886 to
208 2839 281 2888 succe
287 2841 396 2900 paludes.
428 2838 547 2898 Compare
558 2854 581 2887 v.
593 2840 631 2896 24,
644 2838 675 2887 vi.
688 2841 725 2894 30,
737 2840 774 2885 34.
796 2901 797 2906 ,

201 2911 211 2940 ⁸
226 2910 273 2960 Sec
284 2910 317 2958 iii.
328 2913 367 2969 28,
381 2909 429 2960 dae.

201 2983 259 3032 ‘Es
269 2985 360 3041 liberm
378 2984 482 3046 hemely,
496 2984 521 3034 in
530 2983 612 3037 which
623 2983 714 3032 Caesar
723 2983 770 3032 had
782 2983 894 3043 reported
909 2992 935 3032 to
951 2983 996 3034 the
1010 2993 1096 3033 senate

172 3045 247 3094 about
257 3043 295 3092 his
305 3043 353 3092 late
365 3045 510 3106 campaigns.
536 3041 591 3094 The
600 3043 682 3104 public
689 3043 864 3112 thanksgiviug
873 3059 906 3091 on
915 3044 1096 3113 thatcccaaion

173 3112 291 3212 &affiatu
301 3103 363 3152 bave
374 3105 437 3154 been
447 3103 538 3166 mainly
543 3101 647 3154 deeraed
655 3116 687 3151 an
695 3112 797 3152 aecuum
805 3101 834 3151 os
840 3102 878 3151 brs
889 3101 1034 3164 expedition
1046 3112 1097 3153 urta
