2272 3786
514 321 556 366 nl
575 319 672 364 ΙΙΙιΙιΟ
691 321 825 364 (uladrico.

521 621 651 676 LIBER
671 621 733 676 111.

170 767 233 820 Coss
251 765 279 819 in
295 763 400 818 ltaliam
412 761 622 834 proficisceretur
634 762 739 830 &esan
753 761 874 814 Servium
891 761 1009 816 Galbam
1027 777 1092 820 oum

169 835 275 906 legione
292 833 452 886 duodecima
468 839 495 884 et
513 839 586 902 perte
604 831 737 901 equitatus
748 831 776 884 in
786 831 944 900 Nantuates,
957 831 1091 900 Veragros

170 905 341 973 Sedunosque
358 903 437 972 misit,
451 899 496 971 qui
512 917 530 953 a
548 900 645 954 fluibus
655 900 828 970 Allobrogum
839 909 866 953 et
878 901 939 954 lacu
951 901 1089 956 Lemanno

170 985 198 1028 et
222 974 332 1027 flumine
356 972 482 1026 Rhodano
506 970 541 1024 ad
567 987 687 1024 summas
709 969 793 1040 Alpes
817 971 957 1040 pertinent.
1002 972 1089 1024 Causa

170 1042 294 1100 mittendi
313 1042 362 1096 suit
379 1041 448 1112 quod
467 1041 516 1094 iter
533 1055 581 1120 per
597 1039 752 1109 Alpesque
769 1055 866 1108 magno
889 1057 951 1096 cum
971 1041 1088 1111 periculo

170 1112 415 1237 piuagnislqtpemcurfi
435 1109 566 1191 portorirs,¹
578 1117 745 1230 ,meqcatores
768 1109 805 1162 ire
817 1121 996 1232 actlrpapuerrpnt,
1013 1121 1088 1233 ptate·

169 1187 847 1331 silli?rsgiqssi¹irlffiii¹thssphiriiis¹
862 1197 950 1302 hffrss
956 1197 1088 1304 hh’ohhss

167 1321 268 1392 aliquot
286 1321 392 1401 proelrrs
409 1321 487 1373 sactis
504 1317 674 1388 castellisque
692 1317 871 1388 compluribus
882 1335 974 1372 eorum
987 1336 1085 1389 expug-

168 1393 246 1463 natis,
255 1391 345 1444 missis
355 1389 390 1444 ad
402 1407 465 1443 eum
476 1387 539 1441 undi
559 1404 593 1440 ue
605 1386 701 1456 legatis
711 1387 900 1457 obsidibusque
907 1388 1015 1442 datiset
1022 1405 1086 1458 pace

169 1461 248 1531 iacta,
260 1460 394 1514 constituit
405 1460 527 1512 cohortes
535 1404 605 1536 ,guas
616 1457 643 1509 in
654 1457 831 1511 Nantuatibus
848 1457 979 1511 collocare
992 1469 1019 1513 et
1031 1459 1086 1529 ipse

169 1547 231 1586 cum
250 1531 359 1600 reliquis
376 1529 435 1599 ejus
447 1527 557 1596 legioms
574 1525 725 1580 cohortibus
736 1528 763 1580 in
775 1527 1030 1598 viooVeragrcnrm,
1044 1529 1085 1599 qui

168 1601 317 1672 appellatur
328 1597 492 1678 Octodurus,⁸
502 1596 638 1664 hiemare,
658 1595 703 1665 qui
715 1597 790 1650 vicus
801 1596 902 1666 positus
913 1597 941 1649 in
952 1598 1024 1652 valle
1035 1615 1084 1652 non

168 1687 268 1740 magno
285 1669 389 1738 adjecta
407 1666 516 1738 plenrtie
534 1664 672 1718 altissimis
683 1665 817 1719 montibus
835 1665 952 1735 undique
970 1668 1084 1722 contiue-

168 1751 218 1795 tur.
254 1739 323 1793 Cum
339 1738 384 1791 hic
401 1739 429 1789 in
452 1736 519 1790 duas
540 1743 630 1806 partes
652 1734 762 1789 flumine
785 1735 956 1806 divideretur,
975 1738 1084 1790 alteram
1128 1795 1129 1800 ἵ

168 1818 272 1882 partem
292 1808 351 1877 ejus
372 1806 422 1860 vici
443 1805 528 1858 Gallis
553 1804 587 1858 ed
614 1804 786 1858 hiemandum
813 1807 952 1874 concessit,
975 1805 1081 1860 alteram

168 1893 282 1933 mcuam
300 1876 335 1929 ab
354 1875 405 1928 illis
423 1874 542 1928 relictam
565 1873 717 1927 cohortibus
740 1875 865 1928 attribuit.
903 1873 973 1930 Eum
999 1877 1081 1930 locum

168 1947 236 2001 vallo
248 1945 372 2013 fossaque
385 1944 506 1998 munivit.
793 1995 796 2003 ,

204 2021 229 2067 t.
247 2015 313 2068 Cum
327 2013 385 2066 dies
396 2013 901 2084 hibernorum¹complurestransissent,
911 2013 1081 2070 frumentum·

187 2101 222 2138 ue
242 2099 274 2136 eo
294 2083 449 2153 comportari
467 2081 598 2153 jussisset,
620 2083 707 2137 subito
727 2099 774 2151 per
794 2081 972 2153 exploratores
991 2086 1082 2144 certior

168 2102 256 2208 hactus
276 2163 317 2206 est
338 2169 371 2205 ex
392 2170 425 2206 ea
440 2162 514 2224 parte
532 2152 592 2221 vici,
609 2169 690 2222 quam
706 2151 790 2206 Gallis
805 2164 980 2225 concesserat,
993 2171 1083 2208 omnes

170 2233 249 2278 noctu
271 2221 435 2292 discessisse,
456 2231 622 2292 montesque,
643 2223 690 2292 qui
713 2221 906 2291 impenderent,
927 2240 945 2274 a
968 2225 1082 2278 maxima

168 2291 338 2348 multitudine
361 2292 526 2346 Sedunorum
549 2301 576 2344 et
595 2292 771 2360 Veragrorum
794 2293 888 2346 teneri.
925 2293 965 2346 ld⁴
987 2293 1081 2363 aliquot

168 2363 204 2416 de
221 2363 310 2416 causis
327 2362 468 2432 acciderat,
487 2371 516 2415 ut
534 2361 620 2415 subito
637 2360 707 2414 Galli
724 2360 787 2414 belli
806 2361 948 2415 renovandi
966 2362 1081 2432 legionis·

168 2449 222 2504 que
230 2432 420 2504 opprimendae
432 2431 571 2486 consilium
579 2440 720 2500 caperent:
739 2430 862 2500 primurn,
872 2430 944 2500 quod
953 2430 1081 2502 legionem

168 2519 257 2573 neque
269 2519 330 2556 earu
342 2502 523 2572 plenissimam
540 2499 666 2554 detractis
683 2500 834 2554 cohortibus
849 2499 962 2571 duabus,
976 2512 1003 2556 et
1013 2519 1081 2557 oom-

168 2572 287 2642 pluribus
299 2571 459 2642 singillatim,
468 2571 515 2641 qui
525 2576 692 2624 commeatus
703 2567 811 2639 petendi
822 2585 905 2623 causa
915 2571 991 2625 missi
1003 2580 1079 2642 erant,

198 2757 326 2806 ¹Porton'a
337 2773 386 2815 are,
399 2758 424 2806 in
435 2757 475 2805 the
485 2757 538 2806 first
549 2755 625 2816 place,
638 2765 691 2816 port
702 2756 789 2815 duties,
803 2756 857 2812 end,
871 2757 995 2819 secondly,
1005 2757 1080 2808 duties
1124 2804 1125 2823 ,

168 2817 225 2878 paid
234 2831 266 2865 on
276 2816 317 2865 the
329 2816 490 2876 importaticu,
503 2815 662 2876 exportatum
674 2814 721 2864 and
732 2815 773 2864 the
783 2817 956 2885 'transmissiou
971 2817 999 2865 of
1009 2818 1080 2878 goods

168 2874 299 2985 pffigtlpa
309 2885 423 2936 countryr
440 2874 487 2924 and
497 2875 539 2924 the
550 2874 597 2922 leat
612 2872 639 2923 cl
651 2874 721 2924 these
737 2875 817 2924 dutres
834 2891 874 2923 are
890 2874 961 2925 those
978 2876 1032 2927 here
1048 2877 1078 2926 al-

198 3010 208 3038 ⁹
221 3005 352 3056 Octodurus
364 3006 384 3054 is
395 3005 506 3054 believed
521 3015 547 3054 to
562 3007 592 3054 be
608 3004 650 3055 the
666 3005 765 3054 modern
780 3015 847 3054 town
862 3005 891 3056 of
902 3006 1045 3064 Martinach,
1057 3010 1080 3058 in
1122 3079 1123 3082 Ἴ

170 3067 211 3115 the
223 3074 310 3114 canton
320 3063 348 3112 of
359 3066 400 3112 the
413 3063 491 3113 Vaux.

199 3137 325 3185 'Hdsrno
340 3137 361 3184 is
376 3135 433 3184 here
449 3135 491 3184 the
506 3136 565 3184 time
580 3145 651 3195 spent
666 3138 692 3186 in
706 3139 928 3198 winter-quartem
946 3142 989 3190 but
1004 3141 1043 3190 the
1057 3160 1079 3191 eo

171 3193 357 3301 pppppaftrvllprps
367 3194 441 3243 refers
452 3203 479 3242 to
488 3193 530 3243 the
540 3197 634 3243 hiberno
643 3205 731 3287 eastre,
744 3213 771 3246 or
781 3196 822 3245 the
833 3196 901 3258 place
913 3199 938 3248 in
949 3200 1026 3249 which
1040 3201 1079 3250 the

199 3322 247 3372 ‘ts
256 3325 331 3374 refers
340 3337 365 3374 to
371 3325 437 3374 what
445 3326 568 3385 precedes,
577 3325 623 3374 and
631 3325 673 3376 tho
682 3326 763 3376 clause
771 3328 903 3392 beginning
909 3331 970 3380 with
978 3341 1004 3381 at
1013 3331 1077 3384 down

172 3389 197 3428 to
207 3394 313 3442 caperem
324 3386 432 3433 conteins
442 3401 457 3433 a
466 3384 558 3434 further
568 3384 720 3446 explanation
731 3385 760 3434 ot
766 3388 798 3436 id.
830 3387 951 3450 Compare
962 3392 994 3440 vi.
1006 3395 1038 3441 14.
