2296 3796
134 263 176 330 0
435 285 477 330 ua
497 283 595 328 auum
613 283 749 326 mearco.

137 393 275 450 hominurn
294 411 406 450 numero
425 394 531 464 velere5
550 394 599 450 bos
615 409 693 465 posse
710 391 842 448 conficere
860 400 965 448 armata
979 391 1068 448 milia
1137 393 1138 436 ἓ

137 472 251 534 centurn,
271 465 401 535 pollicitos
419 481 453 518 ex
471 482 503 518 eo
522 481 632 518 numero
650 463 739 515 electa
757 464 901 531 sexaginta,
918 462 1066 531 totiusque

135 533 198 586 belli
211 534 352 604 imperium
365 534 416 588 sibi
428 533 569 604 postulare.
595 533 750 588 Suessiones
762 549 825 586 suos
836 549 896 585 esse
909 531 1047 586 finitimos
1053 549 1063 601 3
1137 559 1138 600 p

135 601 203 656 fines
221 603 366 658 latissimos
384 603 615 674 feracissimosque
633 617 710 672 agros
729 601 874 672 possidere.
909 601 992 670 Apud
1010 617 1063 654 eos
1137 611 1138 614 ’

135 671 217 726 fuisse
230 691 321 742 regern
334 681 422 726 nostra
433 673 515 728 etiem
528 673 655 726 memoria
674 672 842 741 Divitiacum,
856 671 936 724 totius
946 669 1062 724 Galliae

134 743 356 812 potentissimum,
370 743 416 812 qui
428 760 490 796 cum
502 760 616 812 magnae
628 742 710 822 partie
720 742 816 794 harum
833 741 980 809 regionum,
996 749 1061 794 tum

135 811 216 866 etiem
239 813 389 866 Britanniae
414 813 556 882 imperium
580 813 738 866 obtinuerit:
770 828 841 865 nunc
868 827 928 862 esse
959 826 1060 878 regem
1137 819 1138 826 ’

89 944 94 952 ἱ
134 881 263 936 Galbam:
293 881 326 936 ad
351 881 422 935 hunc
446 891 551 952 propter
575 881 704 952 justitiam
727 879 949 950 prudentiamque
974 895 1058 933 suam

134 949 215 1004 tutius
226 952 289 1005 belli
304 969 437 1005 summam
446 953 566 1004 omnium
575 951 709 1005 vuluntate
719 948 816 1004 deferri
825 947 941 1018 poppida
950 947 1057 1003 babere
1137 961 1138 992 l

135 1036 244 1074 numero
267 1039 326 1091 mn,
347 1021 464 1091 polliceri
488 1021 562 1074 milia
583 1029 687 1074 armata
726 1019 914 1088 uinquaginta5
937 1017 1056 1074 totidem

134 1089 254 1160 Nervios,
264 1091 310 1160 qui
323 1091 440 1162 maxime
453 1090 500 1144 ieri
514 1091 581 1143 inter
593 1091 665 1160 ipsos
676 1037 830 1156 habeantur,
841 1087 1057 1158 longissimeque

133 1157 236 1228 absint3
255 1157 408 1229 quindecim
427 1161 500 1213 milia
518 1160 669 1228 Atrebates,
688 1159 875 1212 Ambianosx.
894 1156 969 1210 milia
991 1157 1054 1212 Mo·
1137 1183 1138 1196 π

134 1227 205 1282 rinos
222 1246 287 1284 xxv.
308 1230 388 1300 milia,
407 1230 549 1298 Menapios
560 1247 611 1283 v11.
623 1229 704 1297 milia,
718 1229 823 1282 Caletos
835 1245 861 1280 x.
875 1225 957 1297 milia,
969 1197 1054 1282 'vnto

133 1313 225 1351 casses
236 1308 263 1352 et
276 1298 476 1354 Verernanduos
488 1299 605 1366 totidem,
619 1297 774 1352 Aduatucos
791 1297 888 1350 decem
905 1305 935 1350 et
951 1313 1053 1352 novena

133 1365 224 1437 milia;
243 1369 399 1440 Condrusos,
421 1368 566 1438 Eburones,
586 1369 737 1438 caenosus,
758 1368 913 1436 Paemanos,
928 1366 979 1436 qui
996 1383 1053 1422 uno

133 1438 240 1492 numine
252 1439 377 1494 Germani
389 1438 563 1510 appellantur,
576 1437 703 1492 arbitrari¹
715 1437 749 1491 ad
761 1455 806 1491 xa.
818 1436 903 1497 milia.

168 1513 193 1561 5.
210 1509 309 1562 Caeam
328 1509 425 1564 Remos
445 1507 595 1561 cohortatus
614 1506 809 1576 liberaliterque
827 1504 944 1559 oratioue
961 1522 1051 1585 prose·

133 1578 220 1631 outus¹
231 1594 338 1634 omnem
355 1588 477 1632 senatum
493 1577 527 1630 ad
543 1595 571 1630 se
584 1578 726 1630 convenire
739 1575 940 1646 principumque
953 1573 1052 1630 liberos

131 1645 239 1702 obsides
257 1649 291 1700 ad
313 1665 341 1702 se
361 1647 458 1702 adduci
477 1646 575 1716 jussit..
601 1647 676 1706 Quae
688 1647 778 1700 omnia
795 1644 830 1698 ab
848 1645 891 1698 bis
908 1621 1051 1713 diiigenter
1137 1665 1138 1676 ¹

131 1715 165 1770 ad
185 1717 258 1770 diem
276 1717 357 1770 iacta⁸
374 1726 443 1770 sunt.
479 1717 539 1786 Ipse
558 1717 720 1770 Divitiacum
741 1714 867 1768 Aeduum
887 1731 1050 1785 magnopere
1137 1725 1138 1730 ’

131 1785 282 1840 cohortatus
301 1785 387 1854 docet,
409 1794 506 1854 quanto
527 1803 607 1856 opere
630 1787 667 1839 rei
693 1785 825 1856 publicae⁴
843 1785 1050 1854 communisque

131 1854 225 1907 salutis
243 1855 345 1907 intersit
363 1872 458 1907 manus
476 1855 594 1909 hostium
612 1856 747 1924 distinere,
761 1871 795 1908 ne
807 1871 870 1908 cum
889 1862 962 1908 tanta
980 1853 1050 1908 mui-
1137 1859 1138 1866 ’

133 1923 244 1976 titudine
267 1941 320 1976 uno
344 1933 462 1993 tempore
486 1925 685 1993 confligendum
708 1925 750 1977 sit.
787 1922 817 1976 ld
841 1924 898 1976 lieri
917 1939 1003 1994 posse,
1025 1925 1049 1979 si
1137 1951 1138 1980 l

129 2007 194 2045 *suas
218 1993 307 2062 copias
330 1991 418 2046 Aedui
442 1993 468 2046 in
492 1994 561 2048 fines
583 1993 782 2046 bellovacorum
805 1993 998 2047 introduxerint
1020 2003 1048 2049 et

128 2077 224 2114 eorum
245 2079 321 2131 agros
342 2063 459 2132 populari
479 2065 623 2133 coeperint.
658 2063 707 2116 His
726 2063 859 2116 mandatis
879 2080 943 2116 eum
962 2063 998 2118 ab
1016 2081 1047 2118 ee

131 2131 247 2184 dimittit.
285 2133 429 2202 Postquam
447 2151 540 2186 omnes
557 2133 699 2201 Belgarum
717 2132 806 2202 copias
822 2134 848 2185 in
862 2149 946 2186 unum
957 2133 1047 2190 locum

130 2210 237 2253 coactas
248 2202 282 2254 ad
296 2219 325 2254 se
333 2203 424 2256 venire
432 2203 517 2271 vidit:
524 2219 611 2272 neque
623 2201 679 2270 jem
688 2202 765 2270 longe
774 2203 869 2256 abesse
877 2202 970 2272 abhis,
979 2220 1046 2272 quos

129 2269 248 2342 miserat,
258 2272 465 2341 exploratoribus
477 2281 503 2324 et
515 2272 550 2325 ab
558 2273 651 2325 Remis
659 2271 787 2340 cognovit,
798 2271 898 2324 flumen
906 2273 1047 2345 Axonam:

130 2339 201 2410 quod
222 2349 262 2393 est
280 2341 307 2394 in
317 2342 452 2401 extremis
470 2343 614 2395 Remorum
628 2341 733 2412 finibus,
747 2342 893 2395 exercitum
907 2343 1046 2398 traducere

85 2570 93 2590 ,
159 2528 167 2555 ¹
178 2524 294 2585 Namely,
307 2525 376 2574 Boni
385 2543 411 2574 se
420 2528 544 2583 dr'csllcnu
561 2525 630 2573 these
647 2524 721 2572 tribes
737 2540 805 2573 seem
816 2535 858 2572 not
870 2535 895 2573 to
905 2525 968 2573 have
984 2527 1044 2574 been

130 2594 227 2644 present
244 2594 268 2632 at
285 2585 326 2632 the
342 2585 450 2646 meeting
465 2585 493 2632 os
505 2585 545 2632 the
563 2582 663 2644 Belgae,
681 2584 782 2632 whence
800 2584 841 2632 tho
860 2585 933 2634 Remi
949 2601 989 2633 are
1004 2596 1042 2634 not

129 2642 196 2704 quite
207 2644 298 2715 certain
309 2647 382 2692 about
392 2645 434 2692 the
445 2647 547 2692 number
557 2643 586 2692 of
592 2643 655 2692 their
666 2642 752 2692 forces.
1032 2678 1035 2687 ·

128 2729 283 2849 intimidi,
298 2730 402 2792 ‘having
412 2731 437 2779 in
447 2731 485 2779 his
496 2730 584 2791 speech
595 2730 682 2779 shown
697 2730 767 2780 them
779 2741 849 2793 great
866 2731 983 2782 uincens
994 2731 1043 2786 md

129 2875 239 2992 Spesvtpp
251 2876 293 2992 pipin
304 2891 367 2985 ppry
376 2875 442 2936 dsy‚'
455 2875 560 2936 hemely,
573 2875 654 2924 which
667 2875 823 2926 Caesar'had
834 2876 901 2926 fixed
917 2876 954 2926 for
969 2877 1040 2928 them.

157 3022 293 3082 ⁴Namely‚
306 3021 434 3078 limnaeus,
447 3021 556 3070 whereas
571 3024 698 3071 munis
713 3023 801 3071 saletis
810 3022 887 3072 refers
897 3031 924 3072 to
933 3023 992 3073 both
1001 3022 1040 3074 the

127 3081 239 3132 *Romam
249 3082 297 3130 arrd
307 3082 349 3129 the
360 3080 450 3128 Aedui.

158 3168 244 3216 ⁰Thst
259 3169 289 3224 is,
304 3167 390 3218 ‘when
406 3167 437 3214 he
453 3165 500 3214 had
515 3165 589 3215 heard
605 3166 623 3214 it
639 3167 700 3214 srom
715 3166 757 3214 the
775 3165 866 3230 Remi)
879 3169 935 3227 and,
948 3157 1037 3220 acodrd·

132 3226 207 3288 toury,
220 3243 271 3274 was
281 3243 309 3274 ae
320 3225 411 3274 certain
422 3241 449 3274 as
459 3225 480 3274 is
487 3225 518 3273 he
529 3225 576 3274 had
585 3241 646 3274 seen
655 3227 674 3274 it
685 3225 790 3274 hiruseli.

161 3312 235 3362 ‘The
246 3313 332 3364 Acerra
342 3313 363 3362 is
373 3313 414 3364 the
425 3312 525 3364 modern
537 3313 615 3366 Aisne
626 3313 652 3362 in
664 3312 829 3376 Ghampagne.
