2272 3788
472 296 565 340 uasa
583 297 625 340 vs.
949 281 1008 347 150

79 413 132 475 tur,
157 405 313 475 repentinae
336 404 494 460 incursionis
521 405 617 460 timore
640 404 755 460 sublato.
790 405 880 466 Quum
901 405 1007 462 bellum

78 475 180 528 civitas
198 483 246 531 aut
265 475 369 532 illatum
389 471 519 544 defendit,
539 483 587 528 aut
606 474 695 544 infert,
714 475 893 544 magistratus,
934 475 962 530 ui
980 476 1007 530 ei

77 541 153 598 ballo
184 543 291 613 nesius,
304 551 334 597 ut
346 543 418 597 vitae
429 543 559 612 uenisque
573 542 691 598 habeant
704 552 873 614 potestatem,
885 492 1007 614 deligun-

78 620 136 690 tur.¹
165 561 200 664 {n
212 611 383 682 paoenullus
393 622 436 664 est
447 612 598 666 eommunis
614 613 794 684 magistratus,
807 611 856 666 sed
873 613 1007 684 principes

77 693 220 748 regionum
244 689 325 749 atque
351 696 479 750 pagorum
502 681 571 735 inter
594 696 659 734 erres
677 680 721 750 jna
743 682 835 736 dieunt
857 692 1006 736 eontrover·

77 748 191 818 alasque
202 749 344 804 minuunt.¹
379 748 529 804 latrocinia
540 749 642 804 nullam
656 749 757 804 babent
775 749 922 819 infamiam,
935 767 1006 819 quaa

78 827 158 870 extra
174 817 243 872 lines
260 817 390 896 cujusque
408 817 525 870 civitatis
536 817 617 886 fiunt3
634 827 716 886 atque
728 835 762 872 ea
771 817 920 887 juventutis
930 835 1006 872 exer·

77 886 186 940 eundae
197 902 231 938 ao
241 886 361 940 desidiae
372 885 534 946 minuendae
546 902 629 938 eausa
639 886 697 940 fieri
709 887 871 955 praedicant.
907 888 1005 967 Atque²

77 953 129 1008 ubi
146 956 209 1034 quis
226 972 261 1008 ex
278 955 441 1024 principibus
459 954 486 1007 in
503 955 615 1008 oonoilio
634 954 703 1022 dixit,
719 972 749 1008 se
766 953 864 1008 duoern
882 953 946 1023 iore,
959 971 1005 1024 qur

78 1023 269 1092 aequaverint,
311 1023 478 1091 rofiteantur5
501 1039 565 1076 oona
633 1033 663 1076 nt
685 1023 712 1093 ii,
732 1024 778 1104 qni
801 1032 828 1076 at
848 1039 958 1080 oausam
977 1031 1006 1078 et

78 1091 221 1146 hominem
240 1107 285 1161 pro
322 1099 357 1161 nt,
379 1108 511 1160 suumque
534 1093 594 1145 anx'
607 1094 663 1146 ium
686 1092 844 1162 pollicentur
865 1099 947 1162 atque
970 1091 1005 1146 ab

78 1159 253 1214 multitudine
271 1159 469 1214 oollaudantur:
489 1159 535 1230 qni
554 1177 589 1214 ex
605 1161 640 1214 iis
657 1161 743 1214 secuti
760 1177 813 1214 non
831 1168 900 1230 sunt,
914 1161 940 1213 in
959 1160 1006 1214 de·

78 1237 213 1282 sertorum
235 1245 269 1282 ao
292 1228 453 1298 proditorum
483 1245 594 1282 numero
616 1229 749 1284 ducuntur
771 1230 947 1298 omniumque
971 1228 1004 1284 iis

77 1314 172 1354 rorum
200 1307 295 1367 postea
322 1297 390 1353 tides
418 1295 568 1366 derogatur.
612 1297 737 1367 Hospites
759 1297 858 1350 violare
887 1295 929 1350 fas
953 1313 1006 1351 non

76 1374 176 1436 putant
183 1383 191 1435 5
215 1367 262 1434 qni
285 1382 392 1435 quaque
417 1365 453 1418 de
477 1382 561 1420 cauea
584 1365 620 1418 ad
644 1383 692 1418 eos
709 1367 837 1435 venerint,
855 1364 891 1420 ab
910 1362 1006 1436 injuria

77 1435 222 1514 probibent
245 1435 414 1514 sanetusque'
436 1433 554 1504 habent3
582 1434 616 1490 iia
637 1435 758 1490 omniurn
783 1435 880 1489 domus
903 1441 1005 1505 patant,

77 1513 222 1573 eretusque
234 1513 454 1561 oommumeatur.
493 1559 495 1564 ,
753 1560 757 1570 ,

116 1577 160 1626 24.
181 1575 223 1626 Ao
243 1572 294 1626 fuit
313 1580 393 1626 antea
413 1579 528 1642 tempus,
547 1587 631 1641 quum
651 1571 799 1624 Gennanos
820 1569 891 1624 Galli
909 1569 1006 1624 virtute

76 1639 427 1762 3¹?P0W0¹¹‘›.⁰1¹f⁰‚b0¹.¹⁸
447 1639 708 1764 initerrentfflroffir
718 1639 867 1762 effiffim
886 1637 1005 1760 intitulat}-

98 1727 175 1764 ruem
233 1727 252 1762 rr
271 1727 306 1764 ne
336 1725 453 1764 rnorem
494 1725 555 1762 raus
616 1725 651 1762 en
858 1725 896 1762 mr
996 1743 1004 1760 .

75 1779 175 1849 Itaque
197 1726 333 1857 ssqquae
356 1725 521 1832 feetilissima
544 1785 613 1848 sunt,
638 1776 798 1830 Germaniae
822 1775 880 1830 loea
903 1774 1005 1832 circum

75 1849 245 1919 Hercyniam
257 1847 355 1900 silvam
367 1848 460 1917 (quam
479 1845 658 1900 antorsum?
669 1855 696 1898 et
714 1843 876 1914 quibusdam
894 1843 1006 1897 Graecis

76 1917 155 1972 fama
166 1925 257 1970 notam
269 1933 330 1969 esse
342 1914 427 1983 video,
440 1931 523 1984 quarn
535 1915 573 1968 illi
585 1913 727 1984 Orcyniam
745 1913 892 1985 appellant)
904 1910 1005 1966 Voloae

75 1987 244 2054 Tectosages
260 1992 457 2064 oocuparemnt
474 1990 555 2054 atque
574 1983 611 2037 ibi
628 1982 814 2037 consederunt.
849 1983 924 2042 Quae
936 1997 1005 2050 gena

74 2053 113 2108 ad
132 2053 185 2107 hoo
203 2062 310 2123 tempus
327 2053 360 2106 ris
377 2051 488 2105 sedibus
505 2068 566 2105 sese
584 2051 701 2114 eontinet
719 2068 909 2132 summamque
921 2049 1005 2104 habet

74 2119 197 2204 justitiae
209 2131 236 2176 et
247 2121 361 2179 bellicae
373 2120 461 2174 laudis
471 2120 623 2190 opinionem
631 2122 648 2176 :⁴
665 2138 737 2175 nuno
748 2137 855 2192 quoque
867 2137 894 2174 rn
906 2117 1004 2174 eadem

75 2191 176 2261 inopia,
196 2199 324 2260 egestate,
343 2189 482 2259 patientia‘
499 2206 553 2258 qua
571 2190 707 2260 Germani,
727 2197 893 2269 permanent²
905 2187 1004 2254 eodem

75 2261 153 2316 viotu
164 2268 192 2314 st
204 2259 278 2313 ooltu
290 2259 406 2328 eorporis
422 2265 546 2327 ntuntnr3
564 2258 649 2312 Gallis
665 2267 759 2312 autern
776 2259 928 2328 provinorae
945 2272 1003 2338 pro·

75 2330 214 2402 pinquitas
231 2337 259 2382 et
278 2327 512 2382 transmarinarum
528 2343 617 2380 rerum
634 2327 726 2380 notitia
743 2326 828 2380 mults
844 2326 879 2380 ad
897 2341 1004 2405 oopram

74 2408 160 2468 atque
170 2413 236 2450 usus
247 2396 363 2466 largitur.
399 2395 544 2450 Paullatim
554 2394 704 2464 adsuefacti
717 2395 843 2464 superari,
857 2393 1003 2464 multisque

74 2467 143 2522 vieti
155 2467 271 2538 proeliis,
285 2481 319 2521 ne
331 2482 361 2520 ee
373 2465 484 2534 quidem
496 2463 547 2536 ipsi
558 2480 623 2518 oum
634 2463 689 2516 illis
699 2463 796 2516 virtute
807 2469 972 2532 comparant.

106 2639 257 2697 wisnona,
273 2640 346 2710 ‘they
356 2637 471 2689 diminiah
484 2637 527 2686 the
543 2637 647 2686 number
656 2635 685 2684 os
696 2634 808 2705 lawsuita
815 2635 831 2693 ;'
849 2613 956 2698 namely,
968 2639 1002 2698 by

75 2701 192 2762 bringing
202 2702 275 2748 about
286 2698 404 2748 amroable
416 2705 598 2758 arrangementa
608 2696 723 2744 between
733 2694 774 2743 tbe
785 2694 932 2754 disputante.

105 2785 230 2833 ’Sanoua
242 2785 263 2832 ie
276 2781 440 2838 ‘inviolabla’
453 2782 500 2830 and
516 2781 537 2828 is
552 2780 604 2829 aeid
620 2779 649 2828 ol
660 2794 718 2830 men
732 2779 780 2828 end
795 2779 878 2840 things
892 2779 946 2829 that
961 2795 1002 2830 are

75 2843 156 2894 under
166 2842 208 2891 the
219 2841 325 2902 espenial
335 2840 470 2901 protention
480 2839 508 2888 ol
520 2840 563 2889 the
573 2837 641 2901 gods.

103 2929 293 2978 ‘Eratosthenes
307 2927 336 2976 of
349 2927 445 2989 Cyrene
456 2941 508 2978 was
524 2941 571 2976 one
587 2925 617 2974 of
628 2925 670 2974 the
687 2933 751 2974 most
769 2923 866 2974 learned
882 2939 940 2973 men
955 2924 1003 2974 and

94 3049 100 3059 ι
121 2997 185 3059 atesi
202 2987 370 3055 geographers¹
381 2985 410 3034 os
422 2985 558 3056 antiqnity3
573 2984 612 3054 ,be
628 2986 758 3054 waslborn
773 2985 798 3032 in
815 2999 839 3032 a.
851 2997 872 3032 o.
884 2987 938 3041 276,
954 2981 1004 3034 and

75 3047 170 3156 deglrn
180 3062 204 3095 a.
212 3043 406 3165 {3122ssan
418 3046 483 3094 been
499 3044 612 3094 lrbrarran
628 3044 657 3093 of
670 3043 729 3106 krng
740 3041 855 3103 Ptolemy
866 3041 1002 3104 Euergetes

149 3121 211 3154 erran
229 3121 264 3152 rra
275 3120 300 3152 rn
332 3121 349 3164 g
395 3139 401 3151 .
907 3121 909 3126 t

106 3194 116 3223 ⁴
129 3191 218 3256 Opinio
229 3191 286 3240 here
298 3191 318 3240 is
332 3190 503 3249 ‘repetition’
518 3170 599 3240 ahion
610 3189 715 3240 consiste
726 3188 752 3238 in
762 3187 804 3237 the
814 3187 913 3247 opinion
920 3185 1001 3237 which

75 3251 163 3314 people
174 3249 294 3300 entertain
305 3248 333 3297 of
344 3249 420 3298 thern.

106 3336 250 3415 ‘Patientia
261 3335 282 3386 is
293 3335 335 3387 the
349 3335 455 3398 ‘patient
467 3335 513 3384 and
525 3335 651 3396 volnrnary
663 3333 799 3383 enduranoe
812 3331 841 3382 ol
852 3330 997 3410 bardabipss‘
