2304 3792
508 303 600 346 aram
618 304 640 346 ι.
992 287 1033 350 86

110 405 240 486 populum
267 415 417 468 Romanum
445 413 570 485 studium,
596 429 731 469 summam
753 414 781 468 in
804 429 834 468 se
856 411 1030 486 voluntatem,

109 485 247 563 egregiam
260 483 353 554 fidem,
365 484 500 554 justitiam,
515 486 719 556 temperantiam
730 493 903 554 cognoverat,
920 501 984 538 nam
996 501 1032 540 ne

109 569 166 623 ejus
177 553 315 624 supplicio
323 555 445 607 Divitiaci
453 555 575 607 animum
586 553 741 623 offenderet,
752 554 901 608 verebatur.
937 555 949 608 1
997 571 1031 609 ue

109 625 186 694 prius,
197 641 284 694 qnam
294 625 437 694 quicquam
446 633 592 694 conaretur,
603 624 763 678 Divitiacum
776 623 811 676 ad
820 639 849 676 se
859 624 946 677 vocari
955 625 984 694 J'u
1021 633 1031 678 t

109 701 134 746 et
144 693 313 762 quotidianis
323 693 510 763 interpretibus
522 694 630 746 remotis
637 710 685 774 per
694 694 722 746 C.
732 693 868 746 Valerium
879 694 1029 764 Procillum,

109 763 267 833 principem¹
280 764 381 816 Galliae
394 764 552 832 provinciae,
565 763 725 816 samilrarern
738 780 824 832 snum,
838 764 882 816 cni
895 781 1032 820 summam

108 833 228 886 omniurn
254 850 344 886 rerum
363 833 456 886 fidem’
474 832 598 904 habebat,
618 849 682 886 cum
702 850 734 885 eo
754 834 925 903 colloquitur:
950 833 1031 888 simol

108 902 325 972 commonefacit,
344 919 414 972 quae
432 903 489 972 ipso
509 911 650 972 praesente
670 903 697 956 in
712 903 824 956 coneilio
844 903 980 956 Gallorum
995 903 1031 956 de

107 971 273 1040 Dumnorige
286 973 338 1025 sint
355 972 427 1025 rlicta
448 979 475 1024 et
488 971 609 1040 ostendit,
623 989 693 1041 quae
710 975 852 1042 separatim
865 973 978 1042 quisque
996 973 1031 1026 de

105 1055 137 1093 eo
148 1041 224 1112 apud
239 1059 270 1094 se
282 1041 386 1094 dixerit.
423 1011 492 1094 Detit
510 1050 590 1111 atque
608 1041 733 1111 hortatur,
747 1050 775 1094 ut
794 1044 851 1096 sine
869 1042 929 1112 ejus
947 1041 1031 1096 offen·

105 1110 179 1163 aione
191 1111 277 1164 animi
291 1112 332 1164 vel
344 1112 401 1182 ipse
413 1110 448 1163 de
460 1127 493 1164 eo
504 1127 587 1164 causa
598 1113 703 1181 cognita
718 1120 823 1182 statuat,
836 1112 879 1165 vel
892 1112 1030 1166 civitatem

103 1187 225 1234 statuere
239 1180 338 1250 jubeat.
365 1187 367 1212 ³

140 1255 184 1302 20.
205 1250 352 1305 Divitiacus
374 1249 467 1303 multis
489 1267 552 1304 cum
574 1249 691 1304 lacrimis
711 1253 853 1306 laeseram
873 1251 1030 1321 complexus

102 1317 247 1372 obsecrare
259 1322 354 1390 coepit,
368 1337 402 1372 ne
415 1319 478 1389 quid
497 1321 604 1388 gravius
622 1321 649 1373 in
667 1320 775 1374 fratrem
795 1329 938 1374 statueret:
958 1322 1027 1374 scire

102 1405 134 1440 se
146 1388 195 1441 illa
212 1405 273 1442 esse
285 1407 355 1460 vera,
370 1407 420 1442 nec
439 1407 603 1459 quemqnam
615 1407 650 1443 ex
661 1405 693 1442 eo
705 1390 772 1460 plus,
786 1406 868 1458 quarn
881 1407 918 1459 se,
931 1389 1029 1444 doloris

101 1471 211 1529 capere,
224 1467 364 1529 propterea
376 1459 454 1529 quod,
465 1475 526 1512 cnm
539 1461 596 1528 ipse
608 1461 693 1529 gratia
705 1459 849 1530 plurimum
861 1458 933 1512 domi
945 1469 1027 1530 atque

101 1527 130 1580 in
149 1528 253 1598 reliqua
264 1529 360 1599 Gallia,
373 1529 418 1583 ille
432 1529 572 1582 minimum
586 1539 691 1600 propter
707 1528 917 1581 adolescentiam
928 1538 1026 1599 posset,

100 1612 151 1668 per
164 1615 194 1651 se
206 1599 351 1652 crevisset:
370 1599 468 1669 quibus
479 1599 575 1668 opibus
586 1615 619 1652 ao
631 1601 719 1652 nervis
732 1615 781 1651 non
795 1598 881 1651 solum
894 1596 928 1650 ad
940 1598 1028 1652 minu·

100 1667 203 1721 endam
215 1669 337 1738 gratiam,
348 1668 395 1722 sed
407 1685 494 1738 paene
505 1669 538 1722 ad
551 1669 698 1738 perniciem
710 1685 788 1721 suam
800 1676 927 1721 uteretur.
963 1666 1027 1720 Sese

100 1745 194 1790 tamen
214 1747 240 1791 et
258 1755 348 1791 amore
366 1739 480 1791 fraterno
499 1748 525 1791 et
543 1739 737 1792 existimatione
755 1738 827 1807 vulgi
845 1737 1027 1791 commoveri.¹

99 1805 180 1866 Quod
193 1808 216 1860 si
229 1807 293 1877 quid
306 1810 331 1860 ci
343 1810 370 1860 a‘
381 1809 493 1862 Caesare
511 1809 618 1877 gravius
635 1808 784 1877 accidisset,
804 1825 867 1862 oum
885 1807 942 1878 ipse
961 1823 1026 1863 eum

100 1875 192 1930 locum
213 1878 347 1931 amicitiae
365 1877 437 1947 apud
449 1895 513 1932 eum
531 1886 641 1947 teneret,
655 1879 791 1932 neminem
810 1878 1025 1932 existimaturum

99 1962 154 1999 non
167 1963 217 1999 sua
229 1946 364 2001 voluntate
382 1949 484 2000 sactum
492 1965 500 2017 5
518 1963 571 2017 qua
589 1965 623 2000 ex
636 1965 663 2000 re
676 1947 803 2016 loturum,
816 1948 854 2002 uti
872 1948 952 2000 totius
963 1947 1025 2001 Gal·

100 2015 153 2068 liae
166 2015 250 2070 animi
263 2035 279 2070 a
291 2033 320 2070 se
332 2025 522 2071 averterentur.
558 2018 634 2070 Haec
651 2033 713 2071 cum
725 2017 845 2088 pluribus
856 2017 945 2072 verbis
956 2017 1025 2072 flens

98 2101 116 2138 a
134 2085 251 2140 Caesare
271 2095 381 2157 peteret,
401 2088 499 2151 Caesar
518 2085 578 2156 ejus
597 2086 716 2140 dextram
736 2088 854 2157 prendit3
872 2087 1024 2142 consolatus

99 2165 182 2224 rogat,
202 2157 285 2210 finem
305 2157 395 2210 orandi
414 2157 511 2226 saciat,
529 2157 594 2210 tanti
615 2156 674 2226 ejus
692 2157 763 2227 apud
781 2175 810 2210 se
828 2158 942 2226 gratiam
961 2173 1023 2210 esse

98 2225 226 2294 ostendit,
239 2228 277 2280 uti
296 2236 323 2278 et
341 2229 378 2279 rei
397 2226 520 2296 publicae
541 2226 664 2296 injuriam
684 2238 710 2279 et
729 2245 808 2280 sunm
826 2227 942 2280 dolorem
962 2227 1023 2297 ejus

98 2295 231 2348 voluntati
249 2313 282 2349 ao
304 2295 428 2366 precibus
450 2297 589 2350 condonet.
627 2297 817 2366 Dumnorigem
835 2296 869 2349 ad
888 2305 1020 2365 sevocat,

98 2363 210 2417 fratrem
228 2366 353 2434 adhibet;
371 2382 440 2434 quae
459 2365 484 2418 in
498 2382 530 2418 eo
542 2365 725 2436 reprehendat,
740 2366 861 2434 ostendit,
874 2382 944 2435 quae
962 2366 1021 2435 ipse

99 2431 240 2504 intelligat,
255 2453 324 2505 quae
342 2435 437 2488 civitas
454 2443 586 2504 queratur,
605 2437 740 2506 proponit,
758 2444 856 2504 monet,
870 2443 899 2487 nt
917 2437 943 2487 in
960 2435 1020 2488 reli·

116 2519 185 2557 num
198 2513 252 2558 tem
272 2523 304 2558 us
316 2522 410 2558 omnes
422 2505 586 2574 sospi'ciones
594 2507 676 2574 vitet,
695 2505 837 2575 praeterita
849 2521 878 2555 se
891 2503 1020 2556 Divitiaco

96 2520 172 2628 harri
192 2591 239 2626 con
260 2592 339 2627 onore
360 2573 432 2627 dicit.
476 2575 629 2643 Dumnorigi
650 2574 774 2628 custodes
792 2574 872 2642 ponit,
893 2581 930 2641 nt,
951 2589 1021 2641 quae

97 2651 168 2712 agat,
183 2644 344 2713 quibuscum
356 2644 485 2714 loquatur,
499 2645 566 2696 scire
583 2645 672 2714 possit.

133 2717 176 2766 21.
196 2713 300 2767 Eodem
317 2713 361 2766 die
373 2715 408 2767 ab
420 2714 629 2783 exploratoribus
646 2713 741 2767 certior
759 2711 845 2765 lactus
862 2711 953 2766 hostes
969 2710 1020 2765 sub

97 2895 232 2956 punished;
244 2897 287 2944 but
297 2897 365 2944 there
374 2911 425 2944 was
433 2910 479 2944 one
488 2895 662 2944 circumstance
670 2894 751 2944 which
759 2909 811 2942 was
822 2893 915 2955 against
926 2899 1018 2954 (repug-

96 2957 176 3010 nabat)
188 2954 238 3005 this
249 2955 396 3004 conclusion.

126 3046 133 3073 ¹
146 3043 180 3090 ‘A
192 3042 289 3104 leading
300 3043 373 3091 man'
385 3027 387 3032 ¹
406 3042 493 3102 comp.
505 3040 574 3101 chop.
586 3043 623 3090 53.

125 3129 217 3179 ’Fides
228 3132 331 3178 monium
342 3146 428 3186 rerum,
441 3128 579 3178 confidenee
591 3128 616 3177 in
626 3127 711 3189 regard
722 3135 747 3176 to
758 3127 790 3176 all
800 3126 890 3188 things.
923 3203 924 3208 1

124 3219 134 3248 ¹
144 3216 261 3276 Namely‚
274 3226 300 3264 to
309 3217 430 3266 intercede
441 3231 473 3265 on
483 3215 521 3264 his
532 3214 621 3264 behals.

125 3303 199 3352 ‘The
210 3302 359 3362 preposition
368 3321 383 3350 o
393 3303 451 3352 here
462 3302 521 3350 does
539 3311 581 3348 not
591 3301 679 3350 denote
687 3298 730 3347 the
741 3313 754 3346 a
772 3308 822 3354 ent,
835 3300 879 3346 but
892 3298 934 3348 the
944 3313 1017 3350 cauea

95 3377 124 3414 or
132 3362 202 3426 place
212 3361 275 3412 from
286 3361 367 3411 which
378 3362 419 3410 the
430 3359 587 3423 punishment
597 3359 619 3408 is
629 3357 744 3408 conceive
770 3367 797 3406 tc
807 3371 885 3406 come.
