2268 3786
433 323 577 367 mcccv.
665 385 669 390 Ι
908 303 967 364 125

59 435 188 501 rohibitis,
213 433 378 505 Cenimagni,
402 433 560 504 Segontieci,
580 431 725 504 Ancalites,
750 432 860 503 Bibroci,
882 435 965 508 Cesti,

42 454 219 576 legationibus
238 505 328 558 missis
347 521 407 558 sese
425 503 537 558 Caesari
553 503 664 558 dedunt.
699 501 743 558 Ab
762 501 804 558 bis
824 507 967 576 cognoscit,

42 593 90 631 nou
110 574 192 644 longe
214 592 249 628 ex
268 591 300 626 ec
319 575 377 628 loco
397 573 534 644 oppidtuu¹
553 572 747 628 Cassivellauni
768 573 872 646 abesse,
893 575 968 632 silvis

42 645 239 716 paludibusque
262 645 477 714 munitumque
501 643 566 697 setis
587 660 702 714 maguus
725 643 864 700 bominum
888 663 967 718 peco-

42 716 130 786 risque
142 731 274 768 numerus
284 715 447 768 convenerit.
475 713 620 786 (Oppidum
631 722 723 776 autem
733 711 850 768 Britanni
860 730 968 786 vocent„

41 802 126 854 quum
144 784 228 840 silves
246 783 389 854 impedires
405 783 475 838 vallo
492 793 573 854 etque
591 782 663 836 fossa
680 784 840 854 munierunt,
858 802 911 856 quc
929 787 967 841 in·

42 855 172 910 cursionis
184 855 301 916 hostiurm
313 853 437 908 vitsndae
453 869 536 908 cause
547 853 689 908 convenire
708 857 891 930 consuerunt.)
927 855 967 914 Eu

41 925 220 994 proficiscitur
239 941 303 978 curo
321 923 485 993 legionibus:
512 923 602 976 locum
626 940 654 976 re
691 924 728 978 rit·
747 927 854 994 egregie
873 935 968 982 nature

41 1004 123 1064 etque
141 1009 223 1064 opere
240 993 390 1048 munitum·
411 1007 502 1046 tamen
520 991 592 1048 bunc
609 992 663 1048 due
683 1011 714 1047 us
733 1012 768 1048 ex
784 996 905 1064 partibus
922 1013 967 1068 op

42 1080 163 1134 pugnare
183 1063 327 1118 contendit.
388 1073 468 1132 ostes,
488 1062 623 1132 paulisper
645 1064 749 1134 morati,
771 1065 888 1120 militum
907 1083 965 1121 uos·
1002 1101 1006 1112 ι

42 1145 143 1188 trorum
164 1133 296 1203 impetum
316 1149 367 1186 non
388 1133 504 1188 tulerunt
523 1149 638 1203 seseque
658 1133 711 1188 elia
731 1151 768 1188 ert
783 1144 858 1204 perte
877 1135 968 1206 oppidi

42 1203 190 1274 ejecerunt.
234 1203 351 1271 Magnus
367 1203 405 1256 ibi
422 1219 551 1258 numerus
567 1203 671 1272 pecoris
688 1214 817 1277 repertus,
835 1205 968 1280 multique

42 1273 67 1328 in
81 1273 151 1342 iuge.
161 1281 222 1326 sunt
234 1273 511 1343 comprehendatque
524 1271 666 1326 interiecti.

78 1347 121 1395 22.
141 1343 213 1396 Dum
237 1342 305 1395 haec
330 1343 357 1396 in
380 1342 422 1395 hie
445 1342 511 1396 locis
534 1350 668 1411 geruntur,
693 1341 909 1398 Cassivellaunus
931 1347 967 1400 ad

43 1412 178 1482 cernuum
197 1412 268 1482 quod
287 1428 348 1466 esee
366 1412 400 1466 cd
420 1429 493 1466 mare
511 1428 591 1482 supra
608 1411 858 1482 demonstravimus,
870 1413 968 1483 quihus

43 1482 198 1551 regionibus
225 1492 337 1551 quatuor
365 1499 442 1552 reges
469 1490 616 1552 praeerant,
645 1481 803 1550 Cingetorix,
830 1483 966 1564 Carvilius,

43 1551 245 1620 Teximegnlus,
259 1549 387 1621 Segouax,
406 1551 517 1606 nuncios
537 1551 619 1606 mittit
635 1559 716 1620 etque
735 1549 777 1604 his
795 1551 915 1622 imperat,
928 1562 968 1606 utr

43 1622 145 1676 coactis
163 1621 288 1676 omnibus
304 1621 395 1692 copiis,
408 1631 494 1676 esdra
512 1619 671 1675 nardia¹de
690 1619 831 1690 improviso
848 1621 968 1677 adorien-

44 1701 87 1746 tur
107 1701 190 1762 atque
209 1699 371 1762 oppugnent.
407 1691 429 1746 li
449 1708 536 1761 quum-
552 1689 587 1744 ed
609 1699 697 1744 cestra
714 1690 859 1761 venissent,
876 1691 967 1772 nostri,

45 1761 189 1832 eruptione
209 1760 287 1830 lecte,
308 1760 401 1816 multis
418 1779 511 1816 eorum
530 1759 684 1830 interfectis,
698 1769 775 1830 cepto
787 1761 871 1814 etiem
884 1759 966 1816 nobili

44 1831 116 1885 duce
126 1831 292 1900 Lugotorige,
302 1847 365 1884 suos
376 1830 525 1886 incolumes
536 1829 706 1884 reduxerunt.
743 1830 966 1904 cassivellaunus,

43 1899 98 1954 hoc
121 1899 221 1971 proelio
241 1900 373 1971 nunciato,
395 1910 432 1954 tot
449 1901 617 1954 detrimentis
634 1900 760 1970 acceptis,
780 1902 889 1956 vastatis
910 1901 968 1960 fini·

43 1969 109 2040 bns,
128 1970 247 2024 maxime
267 1971 349 2025 etiem
373 1980 508 2040 permotus
530 1968 681 2024 delectione
701 1971 845 2041 civitatum,
866 1970 969 2042 legatos

43 2057 95 2110 per.
109 2039 268 2095 Atrebatem
289 2039 442 2094 Commium
459 2039 493 2093 de
510 2039 644 2094 deditione
661 2038 695 2094 ad
715 2038 857 2098 Caesarem
877 2043 967 2098 mittit.

43 2111 154 2175 Caesar,
186 2125 251 2162 uum
270 2110 406 2162 statuisset
424 2107 542 2168 hiemem
556 2109 581 2164 in
600 2109 743 2164 continenti
758 2122 863 2182 propter
875 2129 968 2186 repen,-

44 2181 118 2234 tincs
129 2125 235 2236 odrice
253 2187 342 2232 motus
359 2195 545 2250 egere,ueque
563 2178 677 2234 multum
690 2182 799 2234 aestatis
817 2191 969 2252 superesset

43 2255 132 2330 etque
149 2248 178 2302 id
196 2247 275 2302 facile
291 2247 492 2318 extrahi⁸posse
510 2249 679 2318 intelligeret,
691 2249 800 2304 obsides
818 2251 969 2320 imperatet

44 2318 116 2389 quid
135 2318 161 2372 in
182 2334 266 2371 armos
285 2317 404 2386 singulos
424 2318 562 2386 vectigalis
581 2318 677 2398 populo
698 2319 815 2372 Romano
835 2319 970 2375 Britannis

44 2387 186 2460 penderet,
205 2387 353 2440 constituit:
373 2386 506 2440 interdicit
524 2394 605 2458 etque
622 2387 744 2458 imperet⁴
761 2389 967 2458 Cassiuellauno,

44 2475 84 2512 ne
93 2457 286 2512 Mandubretio
297 2473 352 2510 neu
363 2455 569 2512 Trinobantibus
580 2467 684 2510 noceat.

20 2533 23 2539 '
83 2531 126 2582 23.
145 2526 289 2582 Obsidibus
306 2526 430 2597 acceptis,
450 2527 596 2580 exercitum
614 2524 715 2580 reducit
732 2523 768 2578 ad
786 2542 868 2593 mare,
886 2542 970 2580 neres

46 2596 152 2654 iureuit
171 2596 295 2650 reiectus,
329 2595 378 2655 His
389 2595 519 2666 deductis,
532 2593 603 2666 quod
618 2604 646 2650 et
658 2596 822 2666 captivorum
841 2611 969 2668 magnum

76 2757 191 2806 ¹Wherc
207 2757 256 2806 this
272 2766 338 2806 town
349 2773 401 2805 wcs
415 2756 522 2805 situated
537 2765 624 2804 cantum
639 2755 749 2833 possibly
761 2757 789 2805 be
800 2753 914 2816 guessed,
927 2769 970 2805 nor

44 2835 93 2869 cen
103 2833 143 2866 we
155 2827 220 2868 truce
232 2817 347 2866 Cossur’s
358 2815 440 2865 merch
451 2815 522 2865 north
532 2814 561 2864 oi
572 2815 614 2864 the
625 2815 743 2865 'lhemes

75 2893 186 2942 'Castro
196 2893 301 2941 nonalia.
333 2891 380 2939 See
391 2891 460 2951 cbap.
471 2893 506 2940 11.

74 2965 215 3021 'Batmtir
240 2965 291 3012 thet
312 2964 342 3020 is,
363 2967 495 3014 curtando
516 2965 598 3026 perdi,-
624 2966 743 3012 eumden
767 2963 908 3024 signifyinp,
932 2967 970 3010 ‘to

44 3025 205 3135 wittune
226 3024 251 3072 in
271 3023 405 3085 inactivity,
423 3023 470 3072 and
490 3021 526 3071 scr
544 3038 576 3070 no
592 3022 662 3072 other
679 3037 784 3083 purpose
805 3023 863 3070 than
882 3033 910 3071 to
927 3030 970 3084 get

75 3157 154 3206 ‘The
166 3166 216 3205 two
227 3155 306 3204 words
318 3157 440 3205 interdicit
453 3155 501 3204 end
516 3156 521 3167 '
612 3153 672 3212 ,the
683 3170 729 3204 one
739 3154 767 3204 oi
774 3154 854 3202 which
865 3154 886 3204 is
897 3169 969 3216 nege·

45 3217 101 3266 tivo
108 3215 159 3266 end
169 3216 213 3285 the
221 3215 410 3284 oberipccitivc,
418 3164 644 3282 captamus
652 3213 780 3263 commend
790 3214 815 3262 in
825 3213 866 3262 the
874 3223 910 3264 str
960 3240 969 3253 ·

45 3287 85 3326 oet
97 3291 141 3326 wa,
159 3273 309 3336 ‚induam
324 3273 460 3324 bothwhet
476 3273 507 3322 hc
517 3272 610 3322 wished
622 3282 655 3339 'to
671 3274 703 3320 be
717 3271 924 3338 descendebat
955 3287 970 3320 e

46 3335 128 3384 wishe
166 3343 208 3382 not
226 3342 251 3381 tc
269 3334 300 3382 be
318 3333 389 3382 done.
420 3331 476 3382 The
486 3331 569 3382 cleuse
579 3329 663 3382 ench
675 3329 770 3379 follem
781 3329 843 3378 with
851 3347 891 3389 nc,
901 3329 968 3394 bott-

46 3409 118 3454 erer,
130 3390 551 3451 haereserenceonlytoinrerdictt.
867 3426 869 3430 .
