2268 3786
144 279 187 341 oe
338 281 344 312 ²
449 297 490 338 ua
511 295 609 338 arcuo
628 293 763 338 cadurco.

146 407 225 476 longe
242 404 394 486 peritissimi
406 406 542 477 Aquitani,
556 414 695 478 propterca
711 403 782 486 quod
795 403 892 485 'multis
908 403 973 458 locis
990 401 1066 474 apud
1128 433 1129 470 2

146 545 214 600 nihil
232 545 273 600 bis
293 547 372 600 rebus
389 547 479 616 profici
502 563 580 616 posse
600 474 1066 615 iutelladdditutilrltl,lgl(d}lr¹taosnddtrdlrrurdd3

146 493 195 532 eos
218 493 335 530 aerariae
364 477 573 546 structuraeque¹
596 485 657 530 sunt

147 631 209 670 sum
221 617 328 670 mittunt
346 633 428 686 seque
446 617 473 670 iu
488 616 653 670 deditionem
670 623 699 668 ut
717 614 853 684 recipiant,
866 623 968 685 petunt.
1006 613 1067 672 Qua

146 703 175 740 re
187 687 329 758 impetrata
340 703 414 739 erma
426 685 529 738 tradere
541 684 608 765 jussi
621 685 730 739 faciunt.

182 759 223 808 22.
242 757 331 824 Atque
344 755 372 808 in
385 772 418 808 ea
432 773 458 808 re
475 772 596 808 omnium
607 763 754 808 nostrorum
771 755 880 808 intentis
897 752 995 806 animis
1013 751 1067 805 alia
1128 757 1129 780 ¹

146 841 181 880 err
192 835 266 896 parte
279 825 368 904 oppidi
381 825 539 946 Adiatunu?J
552 825 598 894 qui
610 841 745 879 summam
759 823 862 894 imperii
875 821 992 886 tenebat,
1003 839 1067 874 curn
1128 861 1129 892 3

146 911 191 950 uc.
209 895 320 974 devotis,
341 911 407 964 quos
427 894 464 948 illi
482 895 519 947 sol
542 895 620 946 urios¹
641 893 784 1016 appellant,
804 909 918 962 quorum
936 891 1007 944 haec
1026 900 1067 944 est

146 963 268 1034 conditio,
282 974 311 1018 ut
322 963 446 1018 omnibus
457 965 485 1018 iu
498 964 553 1016 vita
564 978 669 1016 commo
690 966 712 1016 is
731 979 784 1016 une
801 979 864 1016 cum
877 962 920 1014 his
937 961 1065 1030 fruantur,

141 1050 260 1103 ¹quorum
272 1047 306 1086 ‘se
323 1034 456 1087 amicitiae
474 1032 631 1103 dediderint,
645 1033 667 1084 si
682 1032 745 1102 quid
759 1032 801 1086 his
819 1032 934 1102 pervim
951 1031 1065 1100 accidat,
1128 1029 1129 1074 l

146 1111 193 1156 aut
206 1102 324 1156 eundem
338 1119 432 1156 casum
444 1101 604 1171 maloram,
616 1109 663 1154 aut
681 1101 731 1156 sibi
750 1111 863 1156 mortem
881 1101 1051 1154 consciscant
1059 1117 1067 1168 3
1128 1119 1129 1140 i

146 1188 236 1242 neque
253 1172 342 1226 adhuc
360 1172 499 1228 hominum
516 1171 644 1228 memoria
663 1180 783 1242 repertus
800 1178 841 1224 est
856 1171 1009 1240 quisquam,
1023 1171 1068 1239 qui

147 1257 180 1294 eo
198 1241 345 1311 interfecto,
362 1241 439 1311 cujus
457 1259 486 1296 se
503 1241 637 1297 amicitiae
655 1239 814 1310 devovisset,
830 1240 896 1294 mori
916 1248 1064 1292 recusaret:

147 1326 211 1365 cum
223 1311 265 1365 bis
275 1311 427 1366 Adiatunus
438 1311 605 1381 eruptionem
617 1309 706 1364 lacere
718 1319 836 1378 conatus,
849 1309 967 1362 clamore
979 1308 1016 1362 ab
1033 1325 1065 1361 oa

147 1391 222 1450 parte
235 1381 387 1434 munitionis
399 1381 510 1450 sublato,
523 1397 585 1434 oum
602 1379 637 1434 ad
654 1396 730 1433 arma
747 1379 846 1434 milites
863 1379 1066 1446 concurrissent,

147 1449 376 1521 vehementerque
400 1450 436 1505 ibi
459 1459 607 1522 pugnatum
633 1458 713 1518 esset,
738 1449 860 1519 repulsus
885 1450 912 1501 in
938 1447 1068 1570 opgidum
1128 1477 1129 1484 κ

148 1528 239 1601 tamen
259 1521 298 1601 uti
320 1521 418 1575 eadem
437 1519 581 1574 deditionis
599 1517 751 1574 conditione
770 1527 894 1588 uteretur,
915 1517 952 1571 ab

147 1599 333 1714 ragom
348 1659 538 1730 obsidibusque
555 1675 621 1712 acce
640 1658 674 1712 tis
686 1659 797 1714 Crassus
808 1657 835 1710 in
846 1656 914 1710 fines
924 1656 1066 1710 Vocatium

147 1739 174 1784 et
197 1729 368 1784 Tarusatium
387 1729 522 1799 profectus
540 1738 589 1783 est.
650 1745 696 1782 um
714 1744 777 1780 vcro
799 1726 904 1780 barbari
927 1727 1064 1795 commoti²

87 1820 89 1828 ’
147 1797 218 1870 quod
230 1799 357 1869 oppidum
370 1809 397 1852 et
409 1807 502 1852 natura
514 1798 564 1852 loci
576 1806 604 1854 et
616 1813 697 1852 manu
709 1797 843 1851 munitum
855 1796 949 1866 paucis
962 1795 1065 1866 diebus,
1128 1837 1129 1854 i

148 1867 254 1937 quibus⁸
274 1885 306 1920 eo
326 1877 438 1922 venturu
461 1877 524 1938 erat,
549 1877 732 1938 expugnatum
756 1884 787 1919 co
824 1874 940 1936 overent,
966 1866 993 1918 le
1030 1875 1068 1918 tos

147 1953 362 2007 quoquoversum
385 1937 527 2007 dimittere,
552 1936 696 2007 conjurare,
720 1937 777 1990 obsi
798 1953 828 1989 es
850 1937 918 1989 inter
941 1951 971 1988 se
1032 1951 1067 2004 re,

147 2008 239 2076 copias
258 2023 351 2076 parare
370 2016 523 2076 coeperunt.
559 2007 704 2061 Mittuntur
723 2007 806 2060 etiarn
825 2005 859 2058 ad
879 2021 926 2057 ens
943 2005 1069 2058 civitates

147 2073 237 2198 leffium
258 2093 327 2146 quae
347 2086 408 2130 eunt
425 2076 555 2130 citerioris
571 2075 714 2146 Hispaniae
732 2074 871 2129 finitimae
888 2073 1068 2144 Aquitaniae:

142 2145 175 2206 ¹iu
194 2145 321 2199 eauxilia
332 2146 468 2216 ducesque
482 2154 660 2200 arcessuntur.
696 2145 815 2204 Quorum
830 2143 959 2197 adventu*
970 2159 1069 2212 magua

147 2230 211 2268 cum
228 2216 384 2270 auctoritate
397 2225 424 2269 et
436 2232 534 2286 magna
551 2231 614 2268 curn
626 2213 764 2268 hominurn
777 2213 947 2268 multitudine
965 2213 1069 2274 bellum

146 2299 240 2407 §gieta
258 2294 393 2339 conantur.
430 2285 519 2338 Duces
530 2301 592 2336 vero
611 2284 630 2336 ii
647 2283 805 2354 deliguntur,
823 2283 868 2353 qui
887 2299 939 2336 una
959 2299 1024 2336 cum
1035 2282 1067 2341 Q.

183 2355 269 2407 rtorio⁸
290 2372 385 2410 omnes
407 2370 490 2408 annos
513 2353 619 2408 fuerant
642 2369 832 2422 summamque
858 2352 1002 2406 scientiam
1028 2352 1067 2405 rei

151 2485 1070 2512 -....-.-....,-...-.-.....---.---

176 2577 260 2627 ¹That
271 2578 301 2636 is,
316 2577 418 2635 ‘minen
431 2576 478 2627 and
493 2577 681 2626 subterraneous
696 2583 830 2624 structores
840 2589 868 2622 or
877 2575 1014 2635 passagee‚’
1026 2573 1067 2622 the

147 2641 219 2688 latter
230 2637 310 2686 words
317 2637 394 2706 being
404 2652 435 2685 an
445 2636 599 2696 explanation
609 2633 637 2683 ol
648 2633 690 2683 the
701 2633 796 2682 former.

995 1533 1129 1608 MEO}

175 2723 250 2774 ’The
265 2725 379 2785 meaning
395 2723 423 2772 ot'
436 2724 484 2773 this
497 2723 576 2773 Gallio
587 2722 654 2772 word
664 2711 767 2776 caldarii
777 2721 798 2770 ie
808 2719 925 2782 probably
936 2693 1068 2780 expressed
1128 2739 1129 2774 t

147 2783 370 2894 dhyetdvbrdbvfrcm
380 2841 422 2890 the
434 2857 500 2892 same
511 2850 563 2891 root
575 2859 601 2890 as
612 2857 655 2890 our
665 2841 733 2888 word
742 2841 837 2888 soldier.

176 2929 261 2979 'That
272 2928 302 2985 is,
318 2927 405 2977 ‘asew
413 2927 473 2989 days
484 2927 545 2977 efter
554 2928 613 2989 they
621 2927 670 2978 had
679 2925 773 2976 arrived
783 2925 870 2974 there!
893 2925 940 2974 See
952 2925 1022 2986 chop.
1032 2928 1068 2975 17.

164 3019 186 3090 '⁴
196 3016 266 3085 ’111111Ι
274 3015 303 3073 is,
312 3031 372 3122 &aaa
380 3016 407 3064 in
414 3015 773 3085 citerioreHispam‘afinitimce
780 3022 838 3062 sunt
845 3012 1001 3075 Aquitaniae,
1008 3014 1067 3075 fini·

148 3085 218 3125 trnroe
227 3078 301 3136 being
311 3084 320 3122 t
339 3090 352 3122 e
363 3073 485 3134 predicate
495 3084 521 3124 to
532 3091 598 3137 quoe.

149 3165 187 3270 Μ’
195 3163 309 3270 {dogma
320 3162 340 3210 is
351 3161 393 3210 the
404 3162 509 3213 ablativo
519 3161 548 3212 ol
556 3162 625 3219 time,
640 3166 685 3236 ‘on
695 3161 759 3211 their
768 3160 871 3210 arrival!
905 3159 1025 3220 Compare
1036 3160 1068 3208 iv.

182 3257 188 3277 ‚
217 3239 240 3270 u.
270 3258 275 3270 .

179 3308 189 3337 ⁸
199 3307 231 3364 Q.
240 3308 369 3377 Senones,
377 3324 423 3358 one
434 3308 462 3358 cs
468 3309 510 3378 tbe
521 3301 628 3378 gresten
637 3281 730 3366 mer·
736 3307 774 3356 his
786 3306 853 3363 time,
862 3305 911 3376 fied
921 3305 1069 3376 fromRorne

152 3372 176 3413 at
186 3364 228 3414 the
239 3375 298 3416 tune
308 3365 337 3417 ol
348 3365 440 3418 Sulle’s
456 3367 571 3444 triumph,
584 3383 610 3416 m
620 3381 643 3418 a.
656 3381 677 3416 c.
688 3369 728 3425 81,
741 3365 788 3416 and
802 3364 952 3416 established
967 3365 1069 3422 himself

321 2785 406 2839 deuoti,
419 2782 465 2830 and
479 2783 498 2831 it
512 2783 533 2832 is
550 2793 592 2832 not
602 2797 662 2842 very
673 2780 749 2841 likely
759 2779 820 2837 that,
833 2795 860 2828 as
877 2795 945 2828 some
963 2778 1066 2835 believe,
1128 2823 1129 2860 ἢ
