<?xml version="1.0" encoding="UTF-8"?>
<!DOCTYPE html PUBLIC "-//W3C//DTD XHTML 1.0 Transitional//EN"
    "http://www.w3.org/TR/xhtml1/DTD/xhtml1-transitional.dtd">
<html xmlns="http://www.w3.org/1999/xhtml" xml:lang="en" lang="en">
 <head>
  <title>
</title>
<meta http-equiv="Content-Type" content="text/html;charset=utf-8" />
  <meta name='ocr-system' content='tesseract 3.04.00' />
  <meta name='ocr-capabilities' content='ocr_page ocr_carea ocr_par ocr_line ocrx_word'/>
</head>
<body>
  <div class='ocr_page' id='page_1' title='image "./cjuliicaesarisc00zumpgoog_0039.png"; bbox 0 0 2296 3796; ppageno 0'>
   <div class='ocr_carea' id='block_1_1' title="bbox 151 271 773 340">
    <p class='ocr_par' dir='ltr' id='par_1_1' title="bbox 151 271 773 340">
     <span class='ocr_line' id='line_1_1' title="bbox 151 271 773 340; baseline 0.01 -8"><span class='ocrx_word' id='word_1_1' title='bbox 151 271 197 340; x_wconf 58' lang='lat'><strong>1324</strong></span> <span class='ocrx_word' id='word_1_2' title='bbox 458 297 498 338; x_wconf 83' lang='lat' dir='ltr'><strong>ue</strong></span> <span class='ocrx_word' id='word_1_3' title='bbox 520 297 616 337; x_wconf 73' lang='lat' dir='ltr'><strong>sueno</strong></span> <span class='ocrx_word' id='word_1_4' title='bbox 637 297 773 338; x_wconf 74' lang='lat' dir='ltr'><strong>estmoe.</strong></span> 
     </span>
    </p>
   </div>
   <div class='ocr_carea' id='block_1_2' title="bbox 159 405 1074 686">
    <p class='ocr_par' dir='ltr' id='par_1_2' title="bbox 159 405 1074 686">
     <span class='ocr_line' id='line_1_2' title="bbox 159 405 1073 476; baseline -0.001 -16"><span class='ocrx_word' id='word_1_5' title='bbox 159 409 272 475; x_wconf 80' lang='lat' dir='ltr'>Oceano,</span> <span class='ocrx_word' id='word_1_6' title='bbox 296 405 393 460; x_wconf 87' lang='lat' dir='ltr'><strong>finibus</strong></span> <span class='ocrx_word' id='word_1_7' title='bbox 416 405 577 476; x_wconf 73' lang='lat' dir='ltr'><strong>Belgarum,</strong></span> <span class='ocrx_word' id='word_1_8' title='bbox 605 407 710 476; x_wconf 82' lang='lat' dir='ltr'><strong>attingit</strong></span> <span class='ocrx_word' id='word_1_9' title='bbox 735 407 817 460; x_wconf 83' lang='lat' dir='ltr'><strong>etiam</strong></span> <span class='ocrx_word' id='word_1_10' title='bbox 835 407 870 461; x_wconf 89' lang='lat' dir='ltr'><strong>ab</strong></span> <span class='ocrx_word' id='word_1_11' title='bbox 893 405 1022 476; x_wconf 74' lang='lat' dir='ltr'><strong>Sequanis</strong></span> <span class='ocrx_word' id='word_1_12' title='bbox 1044 414 1073 459; x_wconf 91' lang='lat' dir='ltr'><strong>et</strong></span> 
     </span>
     <span class='ocr_line' id='line_1_3' title="bbox 159 475 1073 546; baseline -0.004 -14"><span class='ocrx_word' id='word_1_13' title='bbox 159 477 288 532; x_wconf 88' lang='lat' dir='ltr'><strong>Helvetiis</strong></span> <span class='ocrx_word' id='word_1_14' title='bbox 299 476 399 530; x_wconf 89' lang='lat' dir='ltr'><strong>flumen</strong></span> <span class='ocrx_word' id='word_1_15' title='bbox 418 475 556 546; x_wconf 72' lang='lat' dir='ltr'><strong>Rhenum,</strong></span> <span class='ocrx_word' id='word_1_16' title='bbox 574 475 657 544; x_wconf 86' lang='lat' dir='ltr'><strong>vergit</strong></span> <span class='ocrx_word' id='word_1_17' title='bbox 675 475 709 528; x_wconf 87' lang='lat' dir='ltr'><strong>ad</strong></span> <span class='ocrx_word' id='word_1_18' title='bbox 728 477 939 546; x_wconf 77' lang='lat' dir='ltr'><strong>septemtriones.</strong></span> <span class='ocrx_word' id='word_1_19' title='bbox 975 475 1073 546; x_wconf 88' lang='lat' dir='ltr'><strong>Belgae</strong></span> 
     </span>
     <span class='ocr_line' id='line_1_4' title="bbox 159 544 1074 616; baseline -0.002 -16"><span class='ocrx_word' id='word_1_20' title='bbox 159 547 195 602; x_wconf 84' lang='lat' dir='ltr'><strong>ab</strong></span> <span class='ocrx_word' id='word_1_21' title='bbox 206 546 331 600; x_wconf 80' lang='lat' dir='ltr'>extremis</span> <span class='ocrx_word' id='word_1_22' title='bbox 343 545 444 600; x_wconf 85' lang='lat' dir='ltr'><strong>Galliae</strong></span> <span class='ocrx_word' id='word_1_23' title='bbox 456 545 554 600; x_wconf 87' lang='lat' dir='ltr'><strong>finibus</strong></span> <span class='ocrx_word' id='word_1_24' title='bbox 572 546 705 616; x_wconf 71' lang='lat' dir='ltr'><strong>oriuntur,</strong></span> <span class='ocrx_word' id='word_1_25' title='bbox 723 547 853 616; x_wconf 88' lang='lat' dir='ltr'><strong>pertinent</strong></span> <span class='ocrx_word' id='word_1_26' title='bbox 871 545 905 598; x_wconf 86' lang='lat' dir='ltr'><strong>ad</strong></span> <span class='ocrx_word' id='word_1_27' title='bbox 924 544 1074 598; x_wconf 83' lang='lat' dir='ltr'><strong>inferiorem</strong></span> 
     </span>
     <span class='ocr_line' id='line_1_5' title="bbox 160 614 1073 686; baseline 0 -18"><span class='ocrx_word' id='word_1_28' title='bbox 160 625 262 686; x_wconf 85' lang='lat' dir='ltr'><strong>partem</strong></span> <span class='ocrx_word' id='word_1_29' title='bbox 272 615 389 670; x_wconf 88' lang='lat' dir='ltr'><strong>fluminis</strong></span> <span class='ocrx_word' id='word_1_30' title='bbox 398 614 500 684; x_wconf 73' lang='lat' dir='ltr'><strong>Rheni,</strong></span> <span class='ocrx_word' id='word_1_31' title='bbox 512 623 633 685; x_wconf 79' lang='lat' dir='ltr'><strong>spectant</strong></span> <span class='ocrx_word' id='word_1_32' title='bbox 641 615 669 668; x_wconf 92' lang='lat' dir='ltr'><strong>in</strong></span> <span class='ocrx_word' id='word_1_33' title='bbox 677 617 894 684; x_wconf 80' lang='lat' dir='ltr'>septemtrionem</span> <span class='ocrx_word' id='word_1_34' title='bbox 908 624 934 668; x_wconf 90' lang='lat' dir='ltr'><strong>et</strong></span> <span class='ocrx_word' id='word_1_35' title='bbox 946 615 1073 668; x_wconf 84' lang='lat' dir='ltr'>orientem</span> 
     </span>
    </p>
   </div>
   <div class='ocr_carea' id='block_1_3' title="bbox 66 684 1076 754">
    <p class='ocr_par' dir='ltr' id='par_1_3' title="bbox 66 684 1076 754">
     <span class='ocr_line' id='line_1_6' title="bbox 66 684 1076 754; baseline -0.004 -14"><span class='ocrx_word' id='word_1_36' title='bbox 66 709 70 716; x_wconf 94' lang='lat'>·</span> <span class='ocrx_word' id='word_1_37' title='bbox 160 685 253 740; x_wconf 85' lang='lat' dir='ltr'><strong>sotem.</strong></span> <span class='ocrx_word' id='word_1_38' title='bbox 289 684 432 754; x_wconf 86' lang='lat' dir='ltr'><strong>Aquitania</strong></span> <span class='ocrx_word' id='word_1_39' title='bbox 442 701 459 736; x_wconf 91' lang='lat' dir='ltr'><strong>a</strong></span> <span class='ocrx_word' id='word_1_40' title='bbox 471 685 606 738; x_wconf 74' lang='lat' dir='ltr'><strong>Garumna</strong></span> <span class='ocrx_word' id='word_1_41' title='bbox 623 684 733 738; x_wconf 87' lang='lat' dir='ltr'><strong>flumine</strong></span> <span class='ocrx_word' id='word_1_42' title='bbox 750 684 784 736; x_wconf 92' lang='lat' dir='ltr'><strong>ad</strong></span> <span class='ocrx_word' id='word_1_43' title='bbox 804 685 956 754; x_wconf 83' lang='lat' dir='ltr'><strong>Pyrenaeos</strong></span> <span class='ocrx_word' id='word_1_44' title='bbox 972 694 1076 738; x_wconf 87' lang='lat' dir='ltr'><strong>montes</strong></span> 
     </span>
    </p>
   </div>
   <div class='ocr_carea' id='block_1_4' title="bbox 140 753 1132 2712">
    <p class='ocr_par' dir='ltr' id='par_1_4' title="bbox 140 753 1077 945">
     <span class='ocr_line' id='line_1_7' title="bbox 161 753 1077 824; baseline -0.002 -16"><span class='ocrx_word' id='word_1_45' title='bbox 161 765 188 809; x_wconf 90' lang='lat' dir='ltr'><strong>et</strong></span> <span class='ocrx_word' id='word_1_46' title='bbox 211 771 272 808; x_wconf 85' lang='lat' dir='ltr'><strong>eam</strong></span> <span class='ocrx_word' id='word_1_47' title='bbox 296 763 398 824; x_wconf 76' lang='lat' dir='ltr'><strong>partem</strong></span> <span class='ocrx_word' id='word_1_48' title='bbox 421 753 527 824; x_wconf 79' lang='lat' dir='ltr'><strong>Oceani,</strong></span> <span class='ocrx_word' id='word_1_49' title='bbox 547 767 617 823; x_wconf 82' lang='lat' dir='ltr'><strong>quse</strong></span> <span class='ocrx_word' id='word_1_50' title='bbox 640 761 682 818; x_wconf 80' lang='lat' dir='ltr'><strong>est</strong></span> <span class='ocrx_word' id='word_1_51' title='bbox 704 753 737 806; x_wconf 82' lang='lat' dir='ltr'><strong>sd</strong></span> <span class='ocrx_word' id='word_1_52' title='bbox 762 754 927 824; x_wconf 75' lang='lat' dir='ltr'>Hispaniam,</span> <span class='ocrx_word' id='word_1_53' title='bbox 945 754 1077 824; x_wconf 74' lang='lat' dir='ltr'><strong>pertinet,</strong></span> 
     </span>
     <span class='ocr_line' id='line_1_8' title="bbox 140 823 816 945; baseline -0.001 -68"><span class='ocrx_word' id='word_1_54' title='bbox 140 839 142 845; x_wconf 91' lang='lat'>·</span> <span class='ocrx_word' id='word_1_55' title='bbox 161 833 263 895; x_wconf 84' lang='lat' dir='ltr'><strong>speetat</strong></span> <span class='ocrx_word' id='word_1_56' title='bbox 275 825 343 876; x_wconf 88' lang='lat' dir='ltr'><strong>inter</strong></span> <span class='ocrx_word' id='word_1_57' title='bbox 355 839 479 891; x_wconf 83' lang='lat' dir='ltr'><strong>ooossum</strong></span> <span class='ocrx_word' id='word_1_58' title='bbox 492 823 555 876; x_wconf 89' lang='lat' dir='ltr'><strong>solis</strong></span> <span class='ocrx_word' id='word_1_59' title='bbox 567 832 594 876; x_wconf 86' lang='lat' dir='ltr'><strong>et</strong></span> <span class='ocrx_word' id='word_1_60' title='bbox 606 823 816 945; x_wconf 62' lang='lat' dir='ltr'><strong>septemtriones.</strong></span> 
     </span>
    </p>

    <p class='ocr_par' dir='ltr' id='par_1_5' title="bbox 159 891 1132 2074">
     <span class='ocr_line' id='line_1_9' title="bbox 197 891 1077 962; baseline -0.003 -15"><span class='ocrx_word' id='word_1_61' title='bbox 197 899 221 947; x_wconf 85' lang='lat'><strong>2.</strong></span> <span class='ocrx_word' id='word_1_62' title='bbox 240 893 318 962; x_wconf 90' lang='lat' dir='ltr'><strong>Apud</strong></span> <span class='ocrx_word' id='word_1_63' title='bbox 345 892 481 946; x_wconf 84' lang='lat' dir='ltr'><strong>Helvetios</strong></span> <span class='ocrx_word' id='word_1_64' title='bbox 505 893 582 960; x_wconf 88' lang='lat' dir='ltr'><strong>longe</strong></span> <span class='ocrx_word' id='word_1_65' title='bbox 607 908 640 946; x_wconf 92' lang='lat' dir='ltr'><strong>no</strong></span> <span class='ocrx_word' id='word_1_66' title='bbox 660 892 788 946; x_wconf 88' lang='lat' dir='ltr'><strong>iliseimus</strong></span> <span class='ocrx_word' id='word_1_67' title='bbox 804 891 854 946; x_wconf 89' lang='lat' dir='ltr'><strong>suit</strong></span> <span class='ocrx_word' id='word_1_68' title='bbox 878 901 906 945; x_wconf 90' lang='lat' dir='ltr'><strong>et</strong></span> <span class='ocrx_word' id='word_1_69' title='bbox 930 893 1077 946; x_wconf 86' lang='lat' dir='ltr'><strong>ditissimus</strong></span> 
     </span>
     <span class='ocr_line' id='line_1_10' title="bbox 161 958 1077 1041; baseline -0.002 -25"><span class='ocrx_word' id='word_1_70' title='bbox 161 964 304 1032; x_wconf 80' lang='lat' dir='ltr'><strong>Orgetorix.</strong></span> <span class='ocrx_word' id='word_1_71' title='bbox 340 961 429 1041; x_wconf 89' lang='lat' dir='ltr'><strong>Is,M.</strong></span> <span class='ocrx_word' id='word_1_72' title='bbox 448 961 568 1014; x_wconf 79' lang='lat' dir='ltr'><strong>Messala</strong></span> <span class='ocrx_word' id='word_1_73' title='bbox 590 975 617 1014; x_wconf 86' lang='lat' dir='ltr'><strong>et</strong></span> <span class='ocrx_word' id='word_1_74' title='bbox 640 961 681 1016; x_wconf 91' lang='grc' dir='ltr'><strong>Μ.</strong></span> <span class='ocrx_word' id='word_1_75' title='bbox 699 961 795 1015; x_wconf 78' lang='lat' dir='ltr'>Pisone</span> <span class='ocrx_word' id='word_1_76' title='bbox 818 958 988 1021; x_wconf 82' lang='lat' dir='ltr'><strong>obnsulibus¹,</strong></span> <span class='ocrx_word' id='word_1_77' title='bbox 1002 963 1077 1030; x_wconf 88' lang='lat' dir='ltr'><strong>regni</strong></span> 
     </span>
     <span class='ocr_line' id='line_1_11' title="bbox 162 1030 1078 1110; baseline -0.001 -26"><span class='ocrx_word' id='word_1_78' title='bbox 162 1032 306 1102; x_wconf 88' lang='lat' dir='ltr'><strong>eupiditate</strong></span> <span class='ocrx_word' id='word_1_79' title='bbox 325 1030 672 1110; x_wconf 75' lang='lat' dir='ltr'><strong>induetus,oonjuretiouem</strong></span> <span class='ocrx_word' id='word_1_80' title='bbox 690 1031 834 1085; x_wconf 81' lang='lat' dir='ltr'><strong>nobilitatis</strong></span> <span class='ocrx_word' id='word_1_81' title='bbox 851 1031 914 1085; x_wconf 81' lang='lat' dir='ltr'><strong>lecit</strong></span> <span class='ocrx_word' id='word_1_82' title='bbox 933 1039 960 1084; x_wconf 90' lang='lat' dir='ltr'><strong>et</strong></span> <span class='ocrx_word' id='word_1_83' title='bbox 977 1031 1078 1085; x_wconf 75' lang='lat' dir='ltr'><strong>eivitati</strong></span> 
     </span>
     <span class='ocr_line' id='line_1_12' title="bbox 162 1100 1077 1222; baseline -0.002 -67"><span class='ocrx_word' id='word_1_84' title='bbox 162 1103 300 1172; x_wconf 79' lang='lat' dir='ltr'><strong>persuasit,</strong></span> <span class='ocrx_word' id='word_1_85' title='bbox 314 1109 342 1154; x_wconf 93' lang='lat' dir='ltr'><strong>ut</strong></span> <span class='ocrx_word' id='word_1_86' title='bbox 354 1100 388 1154; x_wconf 89' lang='lat' dir='ltr'><strong>de</strong></span> <span class='ocrx_word' id='word_1_87' title='bbox 400 1100 497 1154; x_wconf 89' lang='lat' dir='ltr'><strong>finibus</strong></span> <span class='ocrx_word' id='word_1_88' title='bbox 509 1102 564 1154; x_wconf 90' lang='lat' dir='ltr'><strong>suis</strong></span> <span class='ocrx_word' id='word_1_89' title='bbox 574 1117 637 1156; x_wconf 88' lang='lat' dir='ltr'><strong>oum</strong></span> <span class='ocrx_word' id='word_1_90' title='bbox 650 1100 772 1156; x_wconf 87' lang='lat' dir='ltr'><strong>omnibus</strong></span> <span class='ocrx_word' id='word_1_91' title='bbox 783 1101 867 1170; x_wconf 88' lang='lat' dir='ltr'><strong>eopiis</strong></span> <span class='ocrx_word' id='word_1_92' title='bbox 881 1101 999 1154; x_wconf 83' lang='lat' dir='ltr'><strong>exirent:</strong></span> <span class='ocrx_word' id='word_1_93' title='bbox 1012 1109 1077 1222; x_wconf 60' lang='lat' dir='ltr'><strong>per·</strong></span> 
     </span>
     <span class='ocr_line' id='line_1_13' title="bbox 162 1170 1078 1240; baseline -0.003 -15"><span class='ocrx_word' id='word_1_94' title='bbox 162 1171 241 1226; x_wconf 77' lang='lat' dir='ltr'><strong>faoile</strong></span> <span class='ocrx_word' id='word_1_95' title='bbox 259 1187 326 1239; x_wconf 88' lang='lat' dir='ltr'><strong>esse,</strong></span> <span class='ocrx_word' id='word_1_96' title='bbox 345 1187 409 1223; x_wconf 86' lang='lat' dir='ltr'><strong>oum</strong></span> <span class='ocrx_word' id='word_1_97' title='bbox 426 1170 522 1223; x_wconf 87' lang='lat' dir='ltr'><strong>virtute</strong></span> <span class='ocrx_word' id='word_1_98' title='bbox 544 1170 667 1224; x_wconf 89' lang='lat' dir='ltr'><strong>omnibus</strong></span> <span class='ocrx_word' id='word_1_99' title='bbox 690 1180 859 1240; x_wconf 89' lang='lat' dir='ltr'><strong>praestarent,</strong></span> <span class='ocrx_word' id='word_1_100' title='bbox 878 1172 957 1224; x_wconf 89' lang='lat' dir='ltr'><strong>totius</strong></span> <span class='ocrx_word' id='word_1_101' title='bbox 974 1171 1014 1225; x_wconf 84' lang='lat' dir='ltr'><strong>Ge</strong></span> <span class='ocrx_word' id='word_1_102' title='bbox 1025 1171 1078 1223; x_wconf 88' lang='lat' dir='ltr'><strong>liae</strong></span> 
     </span>
     <span class='ocr_line' id='line_1_14' title="bbox 162 1238 1078 1310; baseline -0.002 -16"><span class='ocrx_word' id='word_1_103' title='bbox 162 1241 273 1310; x_wconf 88' lang='lat' dir='ltr'><strong>imperio</strong></span> <span class='ocrx_word' id='word_1_104' title='bbox 291 1240 393 1310; x_wconf 89' lang='lat' dir='ltr'><strong>potiri..</strong></span> <span class='ocrx_word' id='word_1_105' title='bbox 412 1238 441 1292; x_wconf 82' lang='lat' dir='ltr'><strong>Itl</strong></span> <span class='ocrx_word' id='word_1_106' title='bbox 459 1240 510 1292; x_wconf 88' lang='lat' dir='ltr'><strong>hoe</strong></span> <span class='ocrx_word' id='word_1_107' title='bbox 528 1240 633 1294; x_wconf 79' lang='lat' dir='ltr'><strong>facilius</strong></span> <span class='ocrx_word' id='word_1_108' title='bbox 651 1240 692 1294; x_wconf 90' lang='lat' dir='ltr'><strong>eis</strong></span> <span class='ocrx_word' id='word_1_109' title='bbox 708 1241 846 1310; x_wconf 86' lang='lat' dir='ltr'><strong>persuasit,</strong></span> <span class='ocrx_word' id='word_1_110' title='bbox 865 1240 935 1310; x_wconf 90' lang='lat' dir='ltr'><strong>quod</strong></span> <span class='ocrx_word' id='word_1_111' title='bbox 960 1241 1078 1310; x_wconf 91' lang='lat' dir='ltr'><strong>undique</strong></span> 
     </span>
     <span class='ocr_line' id='line_1_15' title="bbox 162 1309 1077 1377; baseline -0.001 -14"><span class='ocrx_word' id='word_1_112' title='bbox 162 1311 213 1364; x_wconf 89' lang='lat' dir='ltr'><strong>loei</strong></span> <span class='ocrx_word' id='word_1_113' title='bbox 226 1319 319 1362; x_wconf 84' lang='lat' dir='ltr'><strong>natura</strong></span> <span class='ocrx_word' id='word_1_114' title='bbox 331 1309 446 1362; x_wconf 90' lang='lat' dir='ltr'><strong>Helvetii</strong></span> <span class='ocrx_word' id='word_1_115' title='bbox 458 1309 638 1364; x_wconf 87' lang='lat' dir='ltr'><strong>eontinentur:</strong></span> <span class='ocrx_word' id='word_1_116' title='bbox 657 1327 711 1363; x_wconf 92' lang='lat' dir='ltr'><strong>una</strong></span> <span class='ocrx_word' id='word_1_117' title='bbox 722 1326 756 1362; x_wconf 82' lang='lat' dir='ltr'><strong>ex</strong></span> <span class='ocrx_word' id='word_1_118' title='bbox 786 1319 842 1362; x_wconf 87' lang='lat' dir='ltr'><strong>arte</strong></span> <span class='ocrx_word' id='word_1_119' title='bbox 854 1310 965 1364; x_wconf 88' lang='lat' dir='ltr'><strong>flumine</strong></span> <span class='ocrx_word' id='word_1_120' title='bbox 977 1309 1077 1377; x_wconf 83' lang='lat' dir='ltr'>Rheno,</span> 
     </span>
     <span class='ocr_line' id='line_1_16' title="bbox 162 1327 1132 1450; baseline -0.001 -17"><span class='ocrx_word' id='word_1_121' title='bbox 162 1381 291 1433; x_wconf 82' lang='lat' dir='ltr'><strong>latissimo</strong></span> <span class='ocrx_word' id='word_1_122' title='bbox 309 1389 388 1448; x_wconf 92' lang='lat' dir='ltr'><strong>atque</strong></span> <span class='ocrx_word' id='word_1_123' title='bbox 406 1378 542 1449; x_wconf 85' lang='lat' dir='ltr'><strong>altissimo,</strong></span> <span class='ocrx_word' id='word_1_124' title='bbox 555 1379 601 1450; x_wconf 91' lang='lat' dir='ltr'><strong>qui</strong></span> <span class='ocrx_word' id='word_1_125' title='bbox 618 1395 711 1448; x_wconf 85' lang='lat' dir='ltr'><strong>agrum</strong></span> <span class='ocrx_word' id='word_1_126' title='bbox 729 1327 884 1432; x_wconf 82' lang='lat' dir='ltr'><strong>Helvetium</strong></span> <span class='ocrx_word' id='word_1_127' title='bbox 901 1395 918 1432; x_wconf 78' lang='lat' dir='ltr'>a</span> <span class='ocrx_word' id='word_1_128' title='bbox 936 1381 1079 1433; x_wconf 83' lang='lat' dir='ltr'><strong>Germanis</strong></span> <span class='ocrx_word' id='word_1_129' title='bbox 1128 1383 1132 1404; x_wconf 83' lang='lat'>¹</span> 
     </span>
     <span class='ocr_line' id='line_1_17' title="bbox 162 1447 1079 1518; baseline -0.002 -16"><span class='ocrx_word' id='word_1_130' title='bbox 162 1449 274 1518; x_wconf 79' lang='lat' dir='ltr'><strong>dividit,-</strong></span> <span class='ocrx_word' id='word_1_131' title='bbox 300 1449 383 1500; x_wconf 85' lang='lat' dir='ltr'><strong>eltera</strong></span> <span class='ocrx_word' id='word_1_132' title='bbox 401 1465 436 1502; x_wconf 88' lang='lat' dir='ltr'><strong>ex</strong></span> <span class='ocrx_word' id='word_1_133' title='bbox 453 1458 527 1518; x_wconf 85' lang='lat' dir='ltr'><strong>parte</strong></span> <span class='ocrx_word' id='word_1_134' title='bbox 545 1458 635 1504; x_wconf 87' lang='lat' dir='ltr'><strong>monte</strong></span> <span class='ocrx_word' id='word_1_135' title='bbox 652 1449 717 1502; x_wconf 84' lang='lat' dir='ltr'><strong>Jura</strong></span> <span class='ocrx_word' id='word_1_136' title='bbox 733 1447 868 1518; x_wconf 87' lang='lat' dir='ltr'><strong>altissimo,</strong></span> <span class='ocrx_word' id='word_1_137' title='bbox 887 1449 933 1516; x_wconf 87' lang='lat' dir='ltr'><strong>qui</strong></span> <span class='ocrx_word' id='word_1_138' title='bbox 951 1457 992 1502; x_wconf 88' lang='lat' dir='ltr'><strong>est</strong></span> <span class='ocrx_word' id='word_1_139' title='bbox 1010 1450 1079 1502; x_wconf 90' lang='lat' dir='ltr'><strong>inter</strong></span> 
     </span>
     <span class='ocr_line' id='line_1_18' title="bbox 162 1517 1079 1588; baseline -0.002 -16"><span class='ocrx_word' id='word_1_140' title='bbox 162 1519 296 1588; x_wconf 83' lang='lat' dir='ltr'><strong>Sequanos</strong></span> <span class='ocrx_word' id='word_1_141' title='bbox 308 1529 335 1570; x_wconf 87' lang='lat' dir='ltr'><strong>et</strong></span> <span class='ocrx_word' id='word_1_142' title='bbox 347 1518 483 1570; x_wconf 89' lang='lat' dir='ltr'><strong>Helvetios</strong></span> <span class='ocrx_word' id='word_1_143' title='bbox 490 1535 498 1587; x_wconf 78' lang='lat'><em>3</em></span> <span class='ocrx_word' id='word_1_144' title='bbox 517 1519 594 1572; x_wconf 86' lang='lat' dir='ltr'><strong>tertia</strong></span> <span class='ocrx_word' id='word_1_145' title='bbox 606 1518 666 1572; x_wconf 84' lang='lat' dir='ltr'><strong>laou</strong></span> <span class='ocrx_word' id='word_1_146' title='bbox 684 1517 830 1570; x_wconf 81' lang='lat' dir='ltr'><strong>Lemanno·</strong></span> <span class='ocrx_word' id='word_1_147' title='bbox 840 1527 866 1571; x_wconf 88' lang='lat' dir='ltr'><strong>et</strong></span> <span class='ocrx_word' id='word_1_148' title='bbox 879 1517 990 1573; x_wconf 86' lang='lat' dir='ltr'><strong>flumine</strong></span> <span class='ocrx_word' id='word_1_149' title='bbox 1008 1517 1079 1572; x_wconf 86' lang='lat' dir='ltr'><strong>Rbo-</strong></span> 
     </span>
     <span class='ocr_line' id='line_1_19' title="bbox 161 1587 1078 1660; baseline -0.001 -19"><span class='ocrx_word' id='word_1_150' title='bbox 161 1589 237 1659; x_wconf 86' lang='lat' dir='ltr'><strong>deno,</strong></span> <span class='ocrx_word' id='word_1_151' title='bbox 258 1587 304 1660; x_wconf 87' lang='lat' dir='ltr'><strong>qui</strong></span> <span class='ocrx_word' id='word_1_152' title='bbox 327 1587 489 1656; x_wconf 76' lang='lat' dir='ltr'><strong>provinciam</strong></span> <span class='ocrx_word' id='word_1_153' title='bbox 518 1597 634 1642; x_wconf 87' lang='lat' dir='ltr'><strong>nostram</strong></span> <span class='ocrx_word' id='word_1_154' title='bbox 662 1587 698 1640; x_wconf 84' lang='lat' dir='ltr'><strong>eb</strong></span> <span class='ocrx_word' id='word_1_155' title='bbox 726 1587 856 1640; x_wconf 86' lang='lat' dir='ltr'><strong>Helvetiis</strong></span> <span class='ocrx_word' id='word_1_156' title='bbox 879 1587 982 1641; x_wconf 82' lang='lat' dir='ltr'><strong>dividit.</strong></span> <span class='ocrx_word' id='word_1_157' title='bbox 1028 1588 1078 1640; x_wconf 85' lang='lat' dir='ltr'><strong>His</strong></span> 
     </span>
     <span class='ocr_line' id='line_1_20' title="bbox 161 1657 1078 1732; baseline -0.003 -20"><span class='ocrx_word' id='word_1_158' title='bbox 161 1659 240 1713; x_wconf 90' lang='lat' dir='ltr'><strong>rebus</strong></span> <span class='ocrx_word' id='word_1_159' title='bbox 251 1657 340 1726; x_wconf 84' lang='lat' dir='ltr'><strong>fiebat,</strong></span> <span class='ocrx_word' id='word_1_160' title='bbox 354 1665 383 1710; x_wconf 93' lang='lat' dir='ltr'><strong>ut</strong></span> <span class='ocrx_word' id='word_1_161' title='bbox 395 1665 422 1709; x_wconf 91' lang='lat' dir='ltr'><strong>et</strong></span> <span class='ocrx_word' id='word_1_162' title='bbox 434 1657 532 1710; x_wconf 83' lang='lat' dir='ltr'><strong>minus³</strong></span> <span class='ocrx_word' id='word_1_163' title='bbox 543 1657 597 1709; x_wconf 86' lang='lat' dir='ltr'><strong>late</strong></span> <span class='ocrx_word' id='word_1_164' title='bbox 609 1665 771 1732; x_wconf 78' lang='lat' dir='ltr'><strong>vagarentur,</strong></span> <span class='ocrx_word' id='word_1_165' title='bbox 779 1665 805 1709; x_wconf 90' lang='lat' dir='ltr'><strong>et</strong></span> <span class='ocrx_word' id='word_1_166' title='bbox 818 1657 907 1710; x_wconf 86' lang='lat' dir='ltr'><strong>minus</strong></span> <span class='ocrx_word' id='word_1_167' title='bbox 919 1657 999 1712; x_wconf 79' lang='lat' dir='ltr'><strong>facile</strong></span> <span class='ocrx_word' id='word_1_168' title='bbox 1019 1657 1078 1710; x_wconf 83' lang='lat' dir='ltr'><strong>fini-</strong></span> 
     </span>
     <span class='ocr_line' id='line_1_21' title="bbox 159 1724 1079 1796; baseline -0.002 -14"><span class='ocrx_word' id='word_1_169' title='bbox 159 1728 232 1782; x_wconf 85' lang='lat' dir='ltr'><strong>timis</strong></span> <span class='ocrx_word' id='word_1_170' title='bbox 243 1724 343 1780; x_wconf 89' lang='lat' dir='ltr'><strong>bellum</strong></span> <span class='ocrx_word' id='word_1_171' title='bbox 357 1725 452 1778; x_wconf 87' lang='lat' dir='ltr'><strong>inferre</strong></span> <span class='ocrx_word' id='word_1_172' title='bbox 470 1735 591 1794; x_wconf 86' lang='lat' dir='ltr'><strong>possent:</strong></span> <span class='ocrx_word' id='word_1_173' title='bbox 603 1742 665 1796; x_wconf 86' lang='lat' dir='ltr'><strong>.qua</strong></span> <span class='ocrx_word' id='word_1_174' title='bbox 676 1725 710 1778; x_wconf 92' lang='lat' dir='ltr'><strong>de</strong></span> <span class='ocrx_word' id='word_1_175' title='bbox 722 1742 804 1780; x_wconf 83' lang='lat' dir='ltr'><strong>causa</strong></span> <span class='ocrx_word' id='word_1_176' title='bbox 822 1725 943 1780; x_wconf 88' lang='lat' dir='ltr'><strong>homines</strong></span> <span class='ocrx_word' id='word_1_177' title='bbox 961 1725 1079 1780; x_wconf 87' lang='lat' dir='ltr'><strong>bellandi</strong></span> 
     </span>
     <span class='ocr_line' id='line_1_22' title="bbox 160 1795 1077 1864; baseline 0.002 -16"><span class='ocrx_word' id='word_1_178' title='bbox 160 1795 250 1864; x_wconf 89' lang='lat' dir='ltr'><strong>eupidi</strong></span> <span class='ocrx_word' id='word_1_179' title='bbox 270 1812 365 1863; x_wconf 80' lang='lat' dir='ltr'><strong>magno</strong></span> <span class='ocrx_word' id='word_1_180' title='bbox 383 1795 472 1847; x_wconf 86' lang='lat' dir='ltr'><strong>dolore</strong></span> <span class='ocrx_word' id='word_1_181' title='bbox 492 1795 685 1848; x_wconf 82' lang='lat' dir='ltr'><strong>afficiebantur.</strong></span> <span class='ocrx_word' id='word_1_182' title='bbox 721 1795 771 1848; x_wconf 90' lang='lat' dir='ltr'><strong>Pro</strong></span> <span class='ocrx_word' id='word_1_183' title='bbox 788 1795 967 1850; x_wconf 89' lang='lat' dir='ltr'><strong>multitudine⁴</strong></span> <span class='ocrx_word' id='word_1_184' title='bbox 983 1805 1077 1850; x_wconf 82' lang='lat' dir='ltr'><strong>autern</strong></span> 
     </span>
     <span class='ocr_line' id='line_1_23' title="bbox 160 1863 1078 1934; baseline 0 -16"><span class='ocrx_word' id='word_1_185' title='bbox 160 1865 298 1918; x_wconf 90' lang='lat' dir='ltr'><strong>hominurn</strong></span> <span class='ocrx_word' id='word_1_186' title='bbox 310 1874 336 1916; x_wconf 90' lang='lat' dir='ltr'><strong>et</strong></span> <span class='ocrx_word' id='word_1_187' title='bbox 348 1881 394 1932; x_wconf 86' lang='lat' dir='ltr'><strong>pro</strong></span> <span class='ocrx_word' id='word_1_188' title='bbox 402 1863 483 1932; x_wconf 87' lang='lat' dir='ltr'><strong>gloria</strong></span> <span class='ocrx_word' id='word_1_189' title='bbox 492 1863 555 1918; x_wconf 92' lang='lat' dir='ltr'><strong>belli</strong></span> <span class='ocrx_word' id='word_1_190' title='bbox 566 1874 647 1934; x_wconf 89' lang='lat' dir='ltr'><strong>atque</strong></span> <span class='ocrx_word' id='word_1_191' title='bbox 659 1863 818 1918; x_wconf 81' lang='lat' dir='ltr'><strong>fortitudinis</strong></span> <span class='ocrx_word' id='word_1_192' title='bbox 829 1876 955 1934; x_wconf 87' lang='lat' dir='ltr'><strong>angustos</strong></span> <span class='ocrx_word' id='word_1_193' title='bbox 967 1882 997 1918; x_wconf 88' lang='lat' dir='ltr'><strong>se</strong></span> <span class='ocrx_word' id='word_1_194' title='bbox 1009 1865 1078 1918; x_wconf 88' lang='lat' dir='ltr'><strong>fines</strong></span> 
     </span>
     <span class='ocr_line' id='line_1_24' title="bbox 159 1932 1076 2004; baseline 0.001 -17"><span class='ocrx_word' id='word_1_195' title='bbox 159 1932 259 1987; x_wconf 86' lang='lat' dir='ltr'><strong>habere</strong></span> <span class='ocrx_word' id='word_1_196' title='bbox 282 1933 482 2002; x_wconf 82' lang='lat' dir='ltr'><strong>arbitrabantur,</strong></span> <span class='ocrx_word' id='word_1_197' title='bbox 506 1935 552 2004; x_wconf 90' lang='lat' dir='ltr'><strong>qui</strong></span> <span class='ocrx_word' id='word_1_198' title='bbox 576 1935 603 1986; x_wconf 92' lang='lat' dir='ltr'><strong>in</strong></span> <span class='ocrx_word' id='word_1_199' title='bbox 626 1933 818 2002; x_wconf 83' lang='lat' dir='ltr'><strong>longitudinem</strong></span> <span class='ocrx_word' id='word_1_200' title='bbox 845 1934 920 1988; x_wconf 89' lang='lat' dir='ltr'><strong>milia</strong></span> <span class='ocrx_word' id='word_1_201' title='bbox 947 1951 1076 2004; x_wconf 82' lang='lat' dir='ltr'><strong>passuum</strong></span> 
     </span>
     <span class='ocr_line' id='line_1_25' title="bbox 160 2002 773 2074; baseline 0 -18"><span class='ocrx_word' id='word_1_202' title='bbox 160 2019 237 2056; x_wconf 79' lang='lat' dir='ltr'><strong>coxo.</strong></span> <span class='ocrx_word' id='word_1_203' title='bbox 260 2004 285 2055; x_wconf 90' lang='lat' dir='ltr'><strong>in</strong></span> <span class='ocrx_word' id='word_1_204' title='bbox 299 2002 465 2056; x_wconf 78' lang='lat' dir='ltr'><strong>latitudinem</strong></span> <span class='ocrx_word' id='word_1_205' title='bbox 478 2019 575 2058; x_wconf 71' lang='grc' dir='ltr'><strong>σιω.</strong></span> <span class='ocrx_word' id='word_1_206' title='bbox 588 2003 722 2074; x_wconf 87' lang='lat' dir='ltr'><strong>patebant.</strong></span> <span class='ocrx_word' id='word_1_207' title='bbox 770 2013 773 2018; x_wconf 90' lang='lat'>&#39;</span> 
     </span>
    </p>

    <p class='ocr_par' dir='ltr' id='par_1_6' title="bbox 158 2043 1092 2712">
     <span class='ocr_line' id='line_1_26' title="bbox 195 2043 1092 2142; baseline 0.004 -18"><span class='ocrx_word' id='word_1_208' title='bbox 195 2077 218 2124; x_wconf 87' lang='lat'><strong>3.</strong></span> <span class='ocrx_word' id='word_1_209' title='bbox 238 2043 285 2125; x_wconf 83' lang='lat' dir='ltr'><strong>llis</strong></span> <span class='ocrx_word' id='word_1_210' title='bbox 297 2072 377 2125; x_wconf 90' lang='lat' dir='ltr'><strong>rebus</strong></span> <span class='ocrx_word' id='word_1_211' title='bbox 390 2072 498 2126; x_wconf 86' lang='lat' dir='ltr'><strong>adducti</strong></span> <span class='ocrx_word' id='word_1_212' title='bbox 511 2082 537 2125; x_wconf 89' lang='lat' dir='ltr'><strong>et</strong></span> <span class='ocrx_word' id='word_1_213' title='bbox 549 2073 703 2126; x_wconf 89' lang='lat' dir='ltr'><strong>auotoritate</strong></span> <span class='ocrx_word' id='word_1_214' title='bbox 715 2072 873 2141; x_wconf 85' lang='lat' dir='ltr'><strong>Orgetorigis</strong></span> <span class='ocrx_word' id='word_1_215' title='bbox 891 2075 1002 2142; x_wconf 88' lang='lat' dir='ltr'><strong>permoti</strong></span> <span class='ocrx_word' id='word_1_216' title='bbox 1014 2090 1077 2128; x_wconf 89' lang='lat' dir='ltr'><strong>eou-</strong></span> <span class='ocrx_word' id='word_1_217' title='bbox 1089 2110 1092 2117; x_wconf 87' lang='lat'><em>·</em></span> 
     </span>
     <span class='ocr_line' id='line_1_27' title="bbox 160 2141 1076 2220; baseline 0.004 -26"><span class='ocrx_word' id='word_1_218' title='bbox 160 2143 300 2220; x_wconf 79' lang='lat' dir='ltr'><strong>stituerunt</strong></span> <span class='ocrx_word' id='word_1_219' title='bbox 313 2158 351 2210; x_wconf 86' lang='lat' dir='ltr'><strong>ea,</strong></span> <span class='ocrx_word' id='word_1_220' title='bbox 365 2158 435 2210; x_wconf 86' lang='lat' dir='ltr'><strong>quoe</strong></span> <span class='ocrx_word' id='word_1_221' title='bbox 447 2141 480 2196; x_wconf 82' lang='lat' dir='ltr'><strong>sd</strong></span> <span class='ocrx_word' id='word_1_222' title='bbox 493 2141 713 2212; x_wconf 79' lang='lat' dir='ltr'><strong>proficiscendum</strong></span> <span class='ocrx_word' id='word_1_223' title='bbox 731 2143 899 2212; x_wconf 83' lang='lat' dir='ltr'><strong>pertinerent,</strong></span> <span class='ocrx_word' id='word_1_224' title='bbox 913 2159 1076 2212; x_wconf 80' lang='lat' dir='ltr'><strong>eomparare,</strong></span> 
     </span>
     <span class='ocr_line' id='line_1_28' title="bbox 158 2212 1075 2282; baseline 0.003 -18"><span class='ocrx_word' id='word_1_225' title='bbox 158 2221 339 2282; x_wconf 67' lang='lat' dir='ltr'><strong>jumentorum</strong></span> <span class='ocrx_word' id='word_1_226' title='bbox 352 2221 378 2262; x_wconf 91' lang='lat' dir='ltr'><strong>et</strong></span> <span class='ocrx_word' id='word_1_227' title='bbox 390 2227 521 2264; x_wconf 86' lang='lat' dir='ltr'><strong>carrorum</strong></span> <span class='ocrx_word' id='word_1_228' title='bbox 534 2228 615 2281; x_wconf 87' lang='lat' dir='ltr'><strong>quam</strong></span> <span class='ocrx_word' id='word_1_229' title='bbox 627 2212 773 2264; x_wconf 84' lang='lat' dir='ltr'><strong>maximum</strong></span> <span class='ocrx_word' id='word_1_230' title='bbox 787 2228 928 2264; x_wconf 87' lang='lat' dir='ltr'><strong>numerum</strong></span> <span class='ocrx_word' id='word_1_231' title='bbox 940 2217 1075 2282; x_wconf 75' lang='lat' dir='ltr'><strong>coemere,</strong></span> 
     </span>
     <span class='ocr_line' id='line_1_29' title="bbox 160 2279 1077 2350; baseline 0.002 -16"><span class='ocrx_word' id='word_1_232' title='bbox 160 2289 296 2334; x_wconf 86' lang='lat' dir='ltr'><strong>sementes</strong></span> <span class='ocrx_word' id='word_1_233' title='bbox 307 2297 388 2350; x_wconf 86' lang='lat' dir='ltr'><strong>quern</strong></span> <span class='ocrx_word' id='word_1_234' title='bbox 405 2281 537 2334; x_wconf 80' lang='lat' dir='ltr'><strong>maximas</strong></span> <span class='ocrx_word' id='word_1_235' title='bbox 549 2281 645 2350; x_wconf 80' lang='lat' dir='ltr'><strong>secere,</strong></span> <span class='ocrx_word' id='word_1_236' title='bbox 659 2289 687 2332; x_wconf 93' lang='lat' dir='ltr'><strong>ut</strong></span> <span class='ocrx_word' id='word_1_237' title='bbox 704 2279 730 2334; x_wconf 91' lang='lat' dir='ltr'><strong>in</strong></span> <span class='ocrx_word' id='word_1_238' title='bbox 749 2280 844 2333; x_wconf 87' lang='lat' dir='ltr'><strong>itinere</strong></span> <span class='ocrx_word' id='word_1_239' title='bbox 862 2281 936 2350; x_wconf 87' lang='lat' dir='ltr'><strong>eopia</strong></span> <span class='ocrx_word' id='word_1_240' title='bbox 948 2281 1077 2336; x_wconf 78' lang='lat' dir='ltr'><strong>frumenti</strong></span> 
     </span>
     <span class='ocr_line' id='line_1_30' title="bbox 160 2347 1076 2434; baseline 0.002 -30"><span class='ocrx_word' id='word_1_241' title='bbox 160 2359 320 2420; x_wconf 88' lang='lat' dir='ltr'><strong>suppeteret,</strong></span> <span class='ocrx_word' id='word_1_242' title='bbox 330 2364 392 2402; x_wconf 88' lang='lat' dir='ltr'><strong>oum</strong></span> <span class='ocrx_word' id='word_1_243' title='bbox 405 2347 806 2434; x_wconf 55' lang='lat' dir='ltr'><strong>proriimiscivitatibus-paoem</strong></span> <span class='ocrx_word' id='word_1_244' title='bbox 819 2359 845 2403; x_wconf 88' lang='lat' dir='ltr'><strong>et</strong></span> <span class='ocrx_word' id='word_1_245' title='bbox 857 2351 1004 2404; x_wconf 80' lang='lat' dir='ltr'><strong>amicitiam</strong></span> <span class='ocrx_word' id='word_1_246' title='bbox 1013 2369 1076 2406; x_wconf 88' lang='lat' dir='ltr'><strong>eon·</strong></span> 
     </span>
     <span class='ocr_line' id='line_1_31' title="bbox 159 2418 1076 2476; baseline 0.002 -2"><span class='ocrx_word' id='word_1_247' title='bbox 159 2420 273 2474; x_wconf 86' lang='lat' dir='ltr'><strong>firmare.</strong></span> <span class='ocrx_word' id='word_1_248' title='bbox 316 2419 358 2472; x_wconf 86' lang='lat' dir='ltr'><strong>Ad</strong></span> <span class='ocrx_word' id='word_1_249' title='bbox 381 2436 427 2471; x_wconf 85' lang='lat' dir='ltr'><strong>eas</strong></span> <span class='ocrx_word' id='word_1_250' title='bbox 447 2436 489 2472; x_wconf 88' lang='lat' dir='ltr'><strong>res</strong></span> <span class='ocrx_word' id='word_1_251' title='bbox 502 2419 686 2472; x_wconf 83' lang='lat' dir='ltr'><strong>eonfieiendas</strong></span> <span class='ocrx_word' id='word_1_252' title='bbox 705 2418 840 2472; x_wconf 90' lang='lat' dir='ltr'><strong>biennium</strong></span> <span class='ocrx_word' id='word_1_253' title='bbox 860 2420 910 2474; x_wconf 91' lang='lat' dir='ltr'><strong>sibi</strong></span> <span class='ocrx_word' id='word_1_254' title='bbox 930 2424 994 2473; x_wconf 81' lang='lat' dir='ltr'><strong>satis</strong></span> <span class='ocrx_word' id='word_1_255' title='bbox 1013 2438 1076 2476; x_wconf 87' lang='lat' dir='ltr'><strong>esse</strong></span> 
     </span>
     <span class='ocr_line' id='line_1_32' title="bbox 159 2488 1075 2558; baseline 0.001 -16"><span class='ocrx_word' id='word_1_256' title='bbox 159 2491 306 2544; x_wconf 81' lang='lat' dir='ltr'><strong>duxerunt:</strong></span> <span class='ocrx_word' id='word_1_257' title='bbox 332 2490 357 2541; x_wconf 91' lang='lat' dir='ltr'><strong>in</strong></span> <span class='ocrx_word' id='word_1_258' title='bbox 377 2489 483 2542; x_wconf 87' lang='lat' dir='ltr'><strong>tertium</strong></span> <span class='ocrx_word' id='word_1_259' title='bbox 501 2506 601 2543; x_wconf 89' lang='lat' dir='ltr'><strong>annum</strong></span> <span class='ocrx_word' id='word_1_260' title='bbox 624 2489 812 2558; x_wconf 84' lang='lat' dir='ltr'><strong>prosectionem</strong></span> <span class='ocrx_word' id='word_1_261' title='bbox 831 2488 891 2558; x_wconf 83' lang='lat' dir='ltr'><strong>lege</strong></span> <span class='ocrx_word' id='word_1_262' title='bbox 909 2490 1075 2545; x_wconf 78' lang='lat' dir='ltr'><strong>confirmant.</strong></span> 
     </span>
     <span class='ocr_line' id='line_1_33' title="bbox 159 2553 1075 2630; baseline 0.002 -18"><span class='ocrx_word' id='word_1_263' title='bbox 159 2559 201 2612; x_wconf 85' lang='lat' dir='ltr'><strong>Ad</strong></span> <span class='ocrx_word' id='word_1_264' title='bbox 214 2577 260 2612; x_wconf 87' lang='lat' dir='ltr'><strong>eas</strong></span> <span class='ocrx_word' id='word_1_265' title='bbox 272 2559 323 2612; x_wconf 77' lang='lat' dir='ltr'><strong>res⁸</strong></span> <span class='ocrx_word' id='word_1_266' title='bbox 331 2559 652 2630; x_wconf 81' lang='lat' dir='ltr'><strong>conficiendasOrgetorix</strong></span> <span class='ocrx_word' id='word_1_267' title='bbox 664 2553 796 2626; x_wconf 86' lang='lat' dir='ltr'><strong>deligitur.</strong></span> <span class='ocrx_word' id='word_1_268' title='bbox 820 2559 846 2611; x_wconf 89' lang='lat' dir='ltr'><strong>Is</strong></span> <span class='ocrx_word' id='word_1_269' title='bbox 855 2558 905 2612; x_wconf 87' lang='lat' dir='ltr'><strong>sibi</strong></span> <span class='ocrx_word' id='word_1_270' title='bbox 914 2559 1075 2628; x_wconf 77' lang='lat' dir='ltr'><strong>legationem</strong></span> 
     </span>
     <span class='ocr_line' id='line_1_34' title="bbox 158 2627 1074 2712; baseline -0.001 -30"><span class='ocrx_word' id='word_1_271' title='bbox 158 2629 193 2682; x_wconf 87' lang='lat' dir='ltr'><strong>ad</strong></span> <span class='ocrx_word' id='word_1_272' title='bbox 211 2629 332 2682; x_wconf 83' lang='lat' dir='ltr'><strong>civitatee</strong></span> <span class='ocrx_word' id='word_1_273' title='bbox 349 2629 485 2712; x_wconf 54' lang='lat' dir='ltr'><strong>suspepitj</strong></span> <span class='ocrx_word' id='word_1_274' title='bbox 510 2627 540 2682; x_wconf 95' lang='lat' dir='ltr'><strong>Iu</strong></span> <span class='ocrx_word' id='word_1_275' title='bbox 558 2645 590 2680; x_wconf 92' lang='lat' dir='ltr'><strong>eo</strong></span> <span class='ocrx_word' id='word_1_276' title='bbox 609 2627 701 2680; x_wconf 83' lang='lat' dir='ltr'><strong>itinere</strong></span> <span class='ocrx_word' id='word_1_277' title='bbox 719 2627 861 2696; x_wconf 87' lang='lat' dir='ltr'><strong>persuadet</strong></span> <span class='ocrx_word' id='word_1_278' title='bbox 873 2629 983 2697; x_wconf 83' lang='lat' dir='ltr'><strong>Castioo,</strong></span> <span class='ocrx_word' id='word_1_279' title='bbox 997 2629 1074 2684; x_wconf 78' lang='lat' dir='ltr'><strong>Cete-</strong></span> 
     </span>
    </p>
   </div>
   <div class='ocr_carea' id='block_1_5' title="bbox 151 2722 1077 3229">
    <p class='ocr_par' dir='ltr' id='par_1_7' title="bbox 151 2722 1077 3229">
     <span class='ocr_line' id='line_1_35' title="bbox 441 2722 1071 2785; baseline 0.002 -2"><span class='ocrx_word' id='word_1_280' title='bbox 441 2778 448 2783; x_wconf 90' lang='lat'>.</span> <span class='ocrx_word' id='word_1_281' title='bbox 624 2722 1071 2785; x_wconf 53' lang='lat' dir='ltr'><strong>--‡—s-—-———</strong></span> 
     </span>
     <span class='ocr_line' id='line_1_36' title="bbox 159 2814 1077 2925; baseline -0.001 -59"><span class='ocrx_word' id='word_1_282' title='bbox 159 2880 165 2890; x_wconf 40' lang='lat'><strong>·</strong></span> <span class='ocrx_word' id='word_1_283' title='bbox 188 2819 270 2925; x_wconf 48' lang='lat' dir='ltr'><strong>lTher</strong></span> <span class='ocrx_word' id='word_1_284' title='bbox 279 2819 308 2874; x_wconf 81' lang='lat' dir='ltr'><strong>ir,</strong></span> <span class='ocrx_word' id='word_1_285' title='bbox 319 2818 343 2864; x_wconf 92' lang='lat' dir='ltr'><strong>in</strong></span> <span class='ocrx_word' id='word_1_286' title='bbox 352 2817 393 2865; x_wconf 86' lang='lat' dir='ltr'><strong>the</strong></span> <span class='ocrx_word' id='word_1_287' title='bbox 402 2832 460 2878; x_wconf 80' lang='lat' dir='ltr'><strong>year</strong></span> <span class='ocrx_word' id='word_1_288' title='bbox 470 2832 494 2864; x_wconf 81' lang='lat' dir='ltr'><strong>s.</strong></span> <span class='ocrx_word' id='word_1_289' title='bbox 504 2831 525 2864; x_wconf 88' lang='lat' dir='ltr'><strong>o.</strong></span> <span class='ocrx_word' id='word_1_290' title='bbox 534 2819 608 2872; x_wconf 84' lang='lat' dir='ltr'><strong>61,or</strong></span> <span class='ocrx_word' id='word_1_291' title='bbox 615 2817 683 2864; x_wconf 82' lang='lat' dir='ltr'><strong>three</strong></span> <span class='ocrx_word' id='word_1_292' title='bbox 693 2829 762 2876; x_wconf 84' lang='lat' dir='ltr'><strong>years</strong></span> <span class='ocrx_word' id='word_1_293' title='bbox 771 2815 852 2864; x_wconf 90' lang='lat' dir='ltr'><strong>besore</strong></span> <span class='ocrx_word' id='word_1_294' title='bbox 862 2814 975 2864; x_wconf 87' lang='lat' dir='ltr'><strong>Caesar’s</strong></span> <span class='ocrx_word' id='word_1_295' title='bbox 987 2816 1077 2865; x_wconf 82' lang='lat' dir='ltr'><strong>arrival</strong></span> 
     </span>
     <span class='ocr_line' id='line_1_37' title="bbox 158 2879 998 3015; baseline -0.005 -15"><span class='ocrx_word' id='word_1_296' title='bbox 158 2879 334 3000; x_wconf 50' lang='lat' dir='ltr'><strong>willielmus</strong></span> <span class='ocrx_word' id='word_1_297' title='bbox 346 2947 482 2996; x_wconf 70' lang='lat' dir='ltr'><strong>Letoon-us</strong></span> <span class='ocrx_word' id='word_1_298' title='bbox 493 2947 514 2996; x_wconf 90' lang='lat' dir='ltr'><strong>is</strong></span> <span class='ocrx_word' id='word_1_299' title='bbox 524 2947 566 2996; x_wconf 88' lang='lat' dir='ltr'><strong>the</strong></span> <span class='ocrx_word' id='word_1_300' title='bbox 578 2947 633 2996; x_wconf 81' lang='lat' dir='ltr'><strong>lake</strong></span> <span class='ocrx_word' id='word_1_301' title='bbox 644 2947 672 2996; x_wconf 81' lang='lat' dir='ltr'><strong>ol</strong></span> <span class='ocrx_word' id='word_1_302' title='bbox 685 2947 820 3015; x_wconf 24' lang='lat' dir='ltr'><strong>Genese-in</strong></span> <span class='ocrx_word' id='word_1_303' title='bbox 832 2921 998 2997; x_wconf 75' lang='lat' dir='ltr'><strong>Switzerlsbd.</strong></span> 
     </span>
     <span class='ocr_line' id='line_1_38' title="bbox 151 3020 779 3088; baseline -0.005 -15"><span class='ocrx_word' id='word_1_304' title='bbox 151 3081 156 3088; x_wconf 47' lang='grc'><em>,</em></span> <span class='ocrx_word' id='word_1_305' title='bbox 186 3021 271 3073; x_wconf 73' lang='lat' dir='ltr'><strong>’Tbat</strong></span> <span class='ocrx_word' id='word_1_306' title='bbox 282 3023 312 3078; x_wconf 90' lang='lat' dir='ltr'><strong>is,</strong></span> <span class='ocrx_word' id='word_1_307' title='bbox 325 3022 374 3070; x_wconf 89' lang='lat' dir='ltr'><strong>less</strong></span> <span class='ocrx_word' id='word_1_308' title='bbox 385 3023 443 3070; x_wconf 85' lang='lat' dir='ltr'><strong>then</strong></span> <span class='ocrx_word' id='word_1_309' title='bbox 454 3021 513 3081; x_wconf 86' lang='lat' dir='ltr'><strong>they</strong></span> <span class='ocrx_word' id='word_1_310' title='bbox 523 3020 595 3070; x_wconf 87' lang='lat' dir='ltr'><strong>could</strong></span> <span class='ocrx_word' id='word_1_311' title='bbox 605 3021 666 3069; x_wconf 83' lang='lat' dir='ltr'><strong>hove</strong></span> <span class='ocrx_word' id='word_1_312' title='bbox 678 3021 779 3070; x_wconf 83' lang='lat' dir='ltr'><strong>wished.</strong></span> 
     </span>
     <span class='ocr_line' id='line_1_39' title="bbox 187 3092 870 3171; baseline -0.01 -24"><span class='ocrx_word' id='word_1_313' title='bbox 187 3097 252 3147; x_wconf 76' lang='lat' dir='ltr'><strong>‘See</strong></span> <span class='ocrx_word' id='word_1_314' title='bbox 262 3096 377 3155; x_wconf 67' lang='lat' dir='ltr'><strong>cuspes.</strong></span> <span class='ocrx_word' id='word_1_315' title='bbox 639 3160 644 3167; x_wconf 32' lang='grc' dir='ltr'>ι</span> <span class='ocrx_word' id='word_1_316' title='bbox 673 3095 702 3171; x_wconf 43' lang='lat'><strong>,⁴</strong></span> <span class='ocrx_word' id='word_1_317' title='bbox 867 3092 870 3102; x_wconf 95' lang='lat'>&#39;</span> 
     </span>
     <span class='ocr_line' id='line_1_40' title="bbox 187 3165 1053 3229; baseline -0.001 -11"><span class='ocrx_word' id='word_1_318' title='bbox 187 3171 271 3218; x_wconf 70' lang='lat' dir='ltr'><strong>&#39;That</strong></span> <span class='ocrx_word' id='word_1_319' title='bbox 282 3169 312 3226; x_wconf 91' lang='lat' dir='ltr'><strong>is,</strong></span> <span class='ocrx_word' id='word_1_320' title='bbox 324 3167 384 3216; x_wconf 80' lang='lat' dir='ltr'><strong>with</strong></span> <span class='ocrx_word' id='word_1_321' title='bbox 395 3167 435 3215; x_wconf 88' lang='lat' dir='ltr'><strong>the</strong></span> <span class='ocrx_word' id='word_1_322' title='bbox 445 3165 621 3229; x_wconf 85' lang='lat' dir='ltr'><strong>neighbooring</strong></span> <span class='ocrx_word' id='word_1_323' title='bbox 631 3177 708 3216; x_wconf 87' lang='lat' dir='ltr'><strong>states</strong></span> <span class='ocrx_word' id='word_1_324' title='bbox 719 3183 746 3216; x_wconf 90' lang='lat' dir='ltr'><strong>or</strong></span> <span class='ocrx_word' id='word_1_325' title='bbox 756 3168 927 3217; x_wconf 81' lang='lat' dir='ltr'><strong>communities</strong></span> <span class='ocrx_word' id='word_1_326' title='bbox 938 3167 966 3217; x_wconf 82' lang='lat' dir='ltr'><strong>os</strong></span> <span class='ocrx_word' id='word_1_327' title='bbox 979 3169 1053 3218; x_wconf 86' lang='lat' dir='ltr'><strong>Gsnl.</strong></span> 
     </span>
    </p>
   </div>
   <div class='ocr_carea' id='block_1_6' title="bbox 129 3237 1076 3412">
    <p class='ocr_par' dir='ltr' id='par_1_8' title="bbox 129 3237 1076 3412">
     <span class='ocr_line' id='line_1_41' title="bbox 129 3237 1075 3302; baseline 0.001 -9"><span class='ocrx_word' id='word_1_328' title='bbox 129 3237 130 3242; x_wconf 34' lang='lat'>¹</span> <span class='ocrx_word' id='word_1_329' title='bbox 187 3243 254 3292; x_wconf 75' lang='lat' dir='ltr'><strong>&#39;Eos</strong></span> <span class='ocrx_word' id='word_1_330' title='bbox 265 3259 302 3291; x_wconf 81' lang='lat' dir='ltr'><strong>res</strong></span> <span class='ocrx_word' id='word_1_331' title='bbox 313 3242 370 3290; x_wconf 85' lang='lat' dir='ltr'><strong>here</strong></span> <span class='ocrx_word' id='word_1_332' title='bbox 385 3240 460 3289; x_wconf 86' lang='lat' dir='ltr'><strong>refers</strong></span> <span class='ocrx_word' id='word_1_333' title='bbox 474 3249 500 3290; x_wconf 87' lang='lat' dir='ltr'><strong>to</strong></span> <span class='ocrx_word' id='word_1_334' title='bbox 511 3241 542 3290; x_wconf 85' lang='lat' dir='ltr'><strong>all</strong></span> <span class='ocrx_word' id='word_1_335' title='bbox 558 3239 600 3290; x_wconf 89' lang='lat' dir='ltr'><strong>the</strong></span> <span class='ocrx_word' id='word_1_336' title='bbox 616 3241 847 3290; x_wconf 80' lang='lat' dir='ltr'><strong>before-mentioned</strong></span> <span class='ocrx_word' id='word_1_337' title='bbox 858 3237 950 3302; x_wconf 85' lang='lat' dir='ltr'><strong>points:</strong></span> <span class='ocrx_word' id='word_1_338' title='bbox 968 3243 1009 3291; x_wconf 89' lang='lat' dir='ltr'><strong>the</strong></span> <span class='ocrx_word' id='word_1_339' title='bbox 1021 3259 1075 3294; x_wconf 88' lang='lat' dir='ltr'><strong>em·</strong></span> 
     </span>
     <span class='ocr_line' id='line_1_42' title="bbox 157 3300 1076 3412; baseline 0.007 -64"><span class='ocrx_word' id='word_1_340' title='bbox 157 3300 524 3412; x_wconf 52' lang='grc' dir='ltr'><strong>Ιίοαεῐὶγείιοίῐιὲῃξὲῐὲξὲὲιῐὲίωεθίῖ</strong></span> <span class='ocrx_word' id='word_1_341' title='bbox 531 3303 608 3359; x_wconf 49' lang='lat' dir='ltr'><strong>(sabak</strong></span> <span class='ocrx_word' id='word_1_342' title='bbox 620 3303 663 3350; x_wconf 88' lang='lat' dir='ltr'><strong>but</strong></span> <span class='ocrx_word' id='word_1_343' title='bbox 674 3301 715 3350; x_wconf 83' lang='lat' dir='ltr'><strong>tlte</strong></span> <span class='ocrx_word' id='word_1_344' title='bbox 723 3300 794 3350; x_wconf 84' lang='lat' dir='ltr'><strong>other</strong></span> <span class='ocrx_word' id='word_1_345' title='bbox 801 3309 901 3350; x_wconf 87' lang='lat' dir='ltr'><strong>matters</strong></span> <span class='ocrx_word' id='word_1_346' title='bbox 913 3302 942 3350; x_wconf 86' lang='lat' dir='ltr'><strong>lte</strong></span> <span class='ocrx_word' id='word_1_347' title='bbox 954 3303 1076 3354; x_wconf 81' lang='lat' dir='ltr'><strong>intrusted</strong></span> 
     </span>
    </p>
   </div>
   <div class='ocr_carea' id='block_1_7' title="bbox 0 0 1155 3796">
    <p class='ocr_par' dir='ltr' id='par_1_9' title="bbox 0 0 1155 3796">
     <span class='ocr_line' id='line_1_43' title="bbox 0 0 1155 3796; baseline 0 0"><span class='ocrx_word' id='word_1_348' title='bbox 0 0 1155 3796; x_wconf 95' lang='lat' dir='ltr'><strong> </strong></span> 
     </span>
    </p>
   </div>
  </div>
 </body>
</html>
