2268 3786
454 313 545 357 arear
564 315 591 358 v.
928 298 985 358 llll

6 403 11 422 ’
65 432 169 479 nostros
192 423 332 496 prohibere
354 433 381 478 et
404 423 533 494 proelium
556 424 723 480 committere
746 433 899 498 coeperunt.
934 425 984 480 Re·

64 493 137 564 pulsi
153 495 191 549 ab
209 498 329 564 equitatu
348 511 376 546 se
396 494 423 546 in
441 495 521 546 silvas
537 493 705 564 abdiderunt,
720 494 809 550 locum
824 498 895 548 nacti
910 511 984 564 egre·

64 565 109 632 gie
130 575 158 618 et
179 573 273 617 natura
292 573 320 617 et
339 579 419 633 opere
443 564 584 634 munitum,
603 581 685 633 quern
704 563 843 618 domestici
861 565 934 634 belli,
955 571 984 618 ut

65 633 217 705 videbatur,
231 651 312 687 causa
328 633 384 702 jam
398 641 460 686 ante
472 642 706 703 praeparaverant:
726 651 788 688 nem
800 632 900 687 crebris
910 634 985 688 arbo-

66 703 140 756 ribus
159 704 271 756 succisis
288 719 382 756 omnes
400 702 520 755 introitus
537 712 612 756 erant
623 703 763 774 praeclusi.
799 705 853 786 Ipsi
865 721 898 756 ex
911 703 985 757 silvis

67 775 118 826 rari
138 772 357 844 propugnabant,¹
376 781 529 840 nostrosque
547 773 615 826 intra
633 773 792 826 munitiones
809 773 908 843 ingredi
927 789 983 844 pro·

67 841 206 896 bibebant.
242 844 278 895 At
301 843 401 896 milites
424 841 534 910 legionis
554 842 692 912 septimae,
712 843 847 896 testudine
866 843 938 896 facta
957 852 984 895 et

67 928 167 1032 ᾔρετο
190 911 225 964 ad
249 912 410 965 munitiones
432 910 545 981 adjecto,
566 911 654 964 locum
677 921 804 982 ceperunt
827 929 927 982 eosque
950 929 984 966 ex

82 981 141 1033 'vis
161 979 328 1052 expulerunt,
347 981 440 1050 paucis
453 979 605 1033 vulneribus
621 982 747 1052 acceptis.
783 982 833 1035 Sed
853 999 899 1035 eos
918 980 983 1050 fugi·

66 1059 145 1103 entes
166 1051 271 1120 longius
289 1051 387 1103 Caesar
406 1050 530 1120 prosequi
548 1050 640 1120 vetuit,
659 1059 685 1103 et
703 1051 772 1121 quod
792 1052 843 1105 loci
863 1060 983 1105 naturam

65 1120 207 1189 ignorabat
231 1128 258 1172 et
280 1119 359 1190 quod,
380 1135 479 1188 magna
502 1126 576 1240 parte
599 1119 654 1173 dici
677 1130 823 1192 consumta,
845 1120 984 1174 munitioni

65 1198 217 1242 castrorum
229 1199 335 1258 tempus
348 1188 458 1258 relinqui
471 1204 502 1241 vo
513 1187 583 1242 ebat.

105 1263 146 1312 1⁰.
166 1259 294 1312 Postridie
312 1257 371 1328 ejus
389 1257 442 1310 diei
459 1275 540 1311 mane
557 1259 685 1328 tripartito
702 1259 812 1314 milites¹
826 1253 983 1329 equitesque

65 1328 95 1381 in
112 1345 146 1381 ex
166 1329 309 1381 editionem
329 1327 408 1397 misit,
428 1335 457 1381 ut
474 1345 527 1398 eos,
545 1328 592 1398 qui
609 1327 738 1398 fugerant,
755 1338 982 1400 persequerentur.

64 1398 117 1451 His
158 1399 294 1468 'quantum
307 1397 407 1451 itineris
424 1398 575 1467 progressis,
607 1415 672 1452 uum
689 1397 745 1467 jam
763 1399 875 1451 extremi
894 1401 983 1450 essent

65 1467 95 1520 in
113 1475 263 1537 prospectu,
283 1467 389 1536 equites
406 1483 422 1518 a
439 1466 471 1524 Q.
484 1467 557 1519 Atrio
574 1415 609 1519 ad
627 1467 769 1520 Caesarem
786 1475 923 1536 venerunt,
939 1467 984 1536 qui

65 1537 233 1606 nunciarent,
246 1535 379 1606 superiore
396 1544 482 1606 nocte,
495 1536 613 1589 maxima
624 1545 712 1590 coorta
724 1545 890 1606 tempestate,
903 1551 983 1605 prope

65 1621 164 1658 ornnes
181 1623 264 1660 naves
281 1605 403 1658 adflictas
420 1617 500 1674 atque
518 1605 630 1658 inlitora
643 1604 839 1675 ejectas⁸esse;
874 1603 926 1657 uod
939 1621 983 1657 ne·

65 1691 121 1744 que
134 1692 247 1728 ancorae
259 1675 391 1745 funesque
404 1674 595 1754 subsisterent,⁴
607 1691 695 1755 neque
713 1683 810 1728 nautae
827 1621 983 1744 gdlrernatc-

65 1759 165 1814 resque
178 1745 235 1797 vim
253 1745 309 1816 pati
329 1751 495 1814 tempestatis
513 1752 635 1814 possent:
655 1753 744 1814 itaque
761 1761 796 1798 ex
811 1761 842 1797 eo
854 1758 983 1797 concursu

64 1815 178 1867 navium
191 1831 317 1882 magnum
329 1831 389 1868 esse
402 1812 600 1866 incommodum
613 1821 764 1884 acceptum.
873 1827 876 1833 ·

104 1889 146 1936 11,
166 1883 214 1936 llis
232 1883 311 1937 rebus
328 1883 447 1952 cognitis,
468 1883 565 1935 Caesar
585 1882 704 1952 legiones
724 1881 925 1954 equitatumque
946 1899 983 1935 re·

64 1951 157 2005 vocari
175 1961 255 2022 atque
273 1952 366 2005 itinere
384 1952 512 2004 desistere
523 1951 606 2022 jubet,
620 1953 676 2023 ipse
688 1953 723 2006 ad
735 1970 818 2007 naves
829 1953 982 2006 revertitur:

65 2022 166 2076 eadem
179 2019 243 2092 fere,
256 2038 326 2091 quae
339 2038 372 2075 err
384 2021 487 2076 nunciis
500 2021 634 2092 literisque
647 2032 812 2094 cognoverat,
825 2039 914 2076 coram
925 2039 983 2092 per·

65 2092 153 2162 spicit,
176 2091 214 2144 sic
234 2100 271 2162 ut,
291 2091 396 2145 amissis
418 2091 521 2144 circiter
543 2109 588 2144 ιι..
606 2092 726 2162 navibus,
746 2092 863 2164 reliquae
883 2094 983 2146 tamen⁵

65 2160 143 2214 refici
160 2177 238 2232 posse
255 2177 352 2228 magno
369 2161 475 2230 negotio
486 2159 647 2214 viderentur.
683 2162 777 2244 ltaque
789 2179 824 2216 ex
834 2160 984 2231 legionibus

64 2229 158 2284 fabros
175 2229 274 2300 delegit
292 2239 319 2284 et
337 2247 369 2284 ea
388 2229 532 2283 continenti
548 2229 616 2284 alios
627 2232 747 2284 arcessiri
758 2229 848 2301 jubet,
866 2231 983 2285 Labieno

66 2299 159 2353 scribit
180 2307 209 2352 ut
229 2316 309 2368 quam
332 2298 461 2370 plurimas
480 2301 578 2369 posset·
596 2299 629 2352 iis
648 2300 803 2372 legionibus,
825 2316 893 2370 quae
914 2301 984 2353 sunt⁷

96 2425 275 2489 ¹Propngnore
291 2443 348 2488 may
364 2427 442 2476 either
462 2443 532 2476 mean
550 2433 590 2476 ‘to
609 2443 677 2476 come
695 2426 797 2476 fcrward
815 2437 842 2475 to
857 2427 937 2490 right:
956 2443 983 2476 or

66 2487 158 2546 simply
171 2493 211 2533 ‘to
222 2487 294 2535 make
305 2502 336 2534 an
347 2487 446 2534 attach!

94 2559 210 2608 ’Metita
221 2559 288 2618 here,
301 2576 327 2609 as
338 2559 363 2609 in
373 2575 446 2620 many
457 2559 526 2609 other
536 2575 659 2620 passages,
672 2559 693 2608 is
704 2559 744 2607 tbe
756 2573 822 2607 same
834 2573 860 2606 as
868 2561 967 2620 pedites.

95 2631 147 2682 ¹In
157 2635 227 2682 litore
240 2634 322 2695 ejectos
339 2632 426 2682 should
437 2633 552 2740 properly
563 2636 592 2682 be
609 2635 635 2680 in
651 2634 710 2680 lituo
727 2633 819 2693 patna,
832 2633 884 2688 but,
898 2632 930 2692 by
940 2631 981 2680 the

66 2693 183 2749 ablative,
197 2692 255 2741 both
272 2693 313 2740 the
330 2703 369 2740 act
385 2692 413 2741 of
426 2702 435 2740 t
454 2693 489 2741 eir
505 2695 578 2754 being
594 2692 690 2740 thrown
705 2707 770 2751 upon
786 2690 828 2739 the
845 2701 921 2746 coast,
935 2690 981 2740 end

66 2752 131 2802 their
142 2753 215 2813 being
225 2752 344 2800 scattered
355 2767 382 2799 or
394 2751 505 2800 wreclred
516 2751 592 2808 there,
603 2767 642 2800 are
654 2749 784 2810 expressed
795 2751 818 2798 in
830 2765 875 2798 one
886 2748 981 2809 phrase.

95 2825 257 2882 ‘Subsistere
270 2825 329 2873 vvitlr
341 2825 381 2874 tbe
397 2825 543 2880 accusative,
556 2824 577 2872 is
595 2830 634 2873 ‘to
648 2823 706 2872 hold
722 2834 764 2872 out
781 2823 892 2884 against)
926 2822 980 2871 The

66 2883 192 2946 imperfect
204 2884 261 2932 here
272 2883 293 2932 is
304 2883 364 2932 used
375 2883 469 2932 instead
480 2883 508 2930 of
520 2883 561 2930 the
578 2881 719 2942 pluperfect,
732 2881 768 2930 for
779 2883 820 2932 the
838 2897 940 2943 purpose
952 2881 979 2930 of

65 2945 179 3006 bringing
196 2943 237 2992 the
255 2959 326 2992 scene
343 2958 410 2992 more
427 2942 518 3002 vividly
535 2941 615 2992 before
632 2943 674 2991 the
691 2942 782 2991 readen
814 2943 861 2990 See
880 2941 978 3000 Zumpt,

64 3003 121 3053 Lat
136 2999 216 3052 Gran.
228 3003 242 3054 b
253 3005 305 3050 525.

81 3077 204 3186 ,gamm
220 3076 278 3124 here
293 3075 368 3124 refers
379 3084 404 3124 to
415 3077 531 3136 quamvis,
544 3075 624 3125 which
635 3075 656 3128 ia
667 3075 766 3135 implied
783 3076 808 3124 in
824 3075 919 3124 umbris
936 3089 978 3124 rto·

65 3155 79 3185 li
135 3173 140 3184 .

94 3210 169 3260 ‘The
185 3207 310 3269 imperfect
321 3208 473 3268 subjunctive
485 3218 565 3270 posset
577 3209 597 3256 is
607 3208 664 3256 herc
679 3207 739 3257 used
750 3207 845 3256 instead
855 3207 883 3256 cf
890 3210 976 3270 parad,

65 3272 170 3320 because
182 3269 223 3317 the
234 3267 330 3328 leading
340 3269 398 3315 verb
410 3267 520 3316 scribitis
532 3283 562 3314 an
572 3267 695 3316 historical
705 3277 802 3326 present
813 3267 849 3315 for
859 3267 961 3328 scripsit.

95 3345 104 3373 ¹
113 3343 169 3392 The
181 3339 310 3390 indicative
320 3349 378 3389 runt
389 3340 410 3388 is
420 3340 477 3388 here
488 3349 514 3387 to
522 3341 552 3386 be
563 3338 690 3398 explained
701 3341 734 3398 by
743 3339 867 3398 assuming
875 3339 927 3386 that
936 3340 977 3388 the

66 3404 148 3454 clause
158 3419 219 3464 quae
234 3408 293 3450 sunt
309 3401 373 3462 apud
390 3399 471 3447 moris
484 3397 543 3457 only
553 3413 584 3446 au
600 3395 753 3457 explanation
770 3396 876 3446 inserted
892 3399 924 3459 by
935 3399 976 3448 the
