2268 3786
176 343 234 408 no
471 365 512 408 oa
533 365 630 408 sacco
649 365 786 408 samios.

174 473 201 530 id
221 483 327 546 ternpus
345 472 410 529 belli
432 475 584 546 suspicione
603 475 772 547 interposite,¹
791 491 856 530 com
872 491 932 546 pars
950 473 1091 528 hominum

174 545 203 599 iu
224 545 294 614 agris
317 557 473 614 remaneret,
493 561 554 617 pers
577 546 660 600 otiam
679 548 706 599 in
725 555 811 599 cestra
830 545 979 612 ventitaret,
999 543 1026 614 ii,
1046 545 1090 614 qni

173 629 220 686 pro
239 616 319 686 portis
337 621 481 668 castrorum
501 615 660 669 instintione
679 624 762 684 erant,
782 615 888 668 Caesari
906 615 1091 668 nuntiaverunt

173 684 314 808 pulverem
331 683 468 754 majorem,
481 701 565 754 quam
584 685 747 740 consuetudo
766 684 854 756 ferret,
868 684 895 737 in
914 701 949 736 es
966 692 1042 754 porte
1055 683 1091 736 vi·

193 755 238 824 eri,
257 771 340 824 qoam
363 753 390 806 in
416 763 518 824 partem
545 754 614 824 legio
632 755 816 814 iter,lecisset.
852 754 949 806 Csesar
967 752 1004 820 id,
1023 753 1090 822 quod

174 833 239 893 eret,
258 824 413 895 suspicatus,
432 823 532 893 aliquid
557 825 618 878 novi
635 841 652 877 a
669 823 788 878 barbaris
805 825 903 878 initum
919 823 1032 895 consilii,
1050 837 1090 875 co·
1124 829 1125 880 l

175 891 282 963 bortes,¹
292 909 363 963 quae
375 893 402 946 in
415 892 573 948 stationibus
585 902 667 963 erant,
681 910 773 946 secum
792 893 818 946 irr
837 907 900 946 eam
917 901 1023 962 partem
1035 908 1089 963 pro·
1124 895 1125 900 ’

175 961 266 1033 ficisoi,
278 980 314 1016 ex
324 962 434 1032 reliquis
451 960 518 1016 dues
529 963 557 1016 in
570 964 710 1017 stationem
727 961 849 1024 cohortes
866 960 1021 1031 succedere,
1035 961 1090 1014 reli·
1124 973 1125 998 ὲ

175 1049 242 1102 quas
259 1033 355 1086 armari
373 1041 399 1085 et
417 1031 560 1086 confestim
577 1050 637 1086 sese
656 1032 783 1102 subsequi
802 1031 890 1102 jussit.
926 1031 996 1084 Cum
1013 1030 1089 1101 paulo

174 1100 278 1171 longius
296 1119 313 1154 a
331 1102 423 1154 castris
439 1102 619 1172 processisset,
632 1117 694 1156 suos
712 1102 747 1156 eb
767 1101 888 1156 hostibus
907 1100 995 1172 premi
1012 1110 1090 1170 etque

174 1187 253 1240 aegre
266 1172 397 1224 sustinere
409 1179 444 1241 et,
457 1171 575 1224 conferte
587 1171 710 1241 legione‚⁸
720 1189 755 1224 ex
766 1171 889 1224 omnibus
907 1169 1029 1240 portibus
1040 1169 1090 1223 tela

174 1241 269 1311 conjici
287 1240 483 1294 animadvertit.
518 1241 591 1294 Nem
605 1241 678 1310 quod
699 1240 771 1294 omni
792 1257 825 1294 ex
845 1241 956 1320 reliquis
974 1239 1091 1308 pertibus

174 1311 299 1366 demesso
311 1311 444 1364 frumento
461 1325 522 1380 pars
533 1327 587 1364 una
598 1318 655 1364 erat
667 1309 776 1390 reliqua,
789 1311 915 1380 suspicati
932 1309 1025 1363 hostes
1041 1309 1090 1362 huc
1124 1307 1125 1322 ¹

174 1389 276 1434 trostms
299 1397 360 1434 esse
378 1386 503 1432 venturos
526 1388 606 1434 noctu
626 1381 653 1434 in
673 1379 747 1434 silvis
764 1378 940 1448 delituemnt3
965 1387 1025 1432 tum
1042 1378 1090 1432 dis·
1124 1389 1125 1392 ’

174 1466 266 1522 persus
289 1449 417 1520 depositis
439 1449 520 1502 armis
543 1449 570 1502 in
593 1448 720 1504 metendo
737 1457 881 1518 occupatos
895 1447 993 1502 ‘subito
1010 1447 1089 1502 adorti

174 1520 269 1592 paucis
289 1519 435 1572 interfectis
454 1517 569 1588 reliquos
588 1519 696 1573 incertis
714 1518 849 1572 ordinibus
867 1517 1089 1588 perturbaverant,

175 1589 256 1644 simul
268 1589 389 1659 equitatu
401 1597 482 1658 atque
495 1587 598 1641 essedis
609 1587 848 1642 circumdederant.

209 1663 250 1713 ³3.
269 1659 361 1712 Genus
383 1657 434 1712 hoc
452 1665 493 1711 est
511 1674 546 1710 cx
563 1657 667 1712 essedis
685 1673 806 1728 pugnae:
831 1657 915 1738 primo
933 1673 982 1726 per
1000 1672 1091 1711 omnes
1124 1715 1125 1726 χ

174 1741 264 1802 pestes
275 1727 454 1798 perequitant⁴
464 1735 491 1780 et
504 1726 558 1780 tela
574 1725 717 1781 coniciunt
734 1735 823 1797 atque
832 1743 888 1798 ipso
902 1736 1001 1780 terrore
1013 1741 1090 1796 equo·
1124 1745 1125 1782 ι

175 1815 236 1853 rum
258 1797 432 1877 etstrepitu¹
444 1805 561 1850 rotarum
583 1744 689 1850 ordines
706 1795 865 1866 plemmque
883 1796 1045 1918 perturbem&
1063 1804 1089 1848 et
1124 1787 1125 1862 l

175 1885 237 1922 cnm
251 1883 280 1920 se
292 1875 359 1919 mter
371 1875 494 1935 equitum
512 1875 613 1920 turmas
631 1866 837 1935 insinuavemnt,
851 1882 886 1920 ex
903 1865 1008 1919 essedis
1043 1865 1091 1918 esi·

175 1936 243 1990 liunt
260 1945 288 1988 et
305 1933 419 2006 pedibus
442 1935 611 2005 proeliantur.
653 1937 771 2004 Aurigae
789 1935 895 1988 interim
912 1934 1043 2015 paulatim
1059 1950 1094 1987 ex
1124 1973 1125 1986 i

174 2004 274 2077 proelio
293 2003 428 2058 excedunt
446 2012 527 2075 atqne
545 2005 582 2058 ita
600 2021 693 2059 currus
712 2003 1092 2074 collocant‚uts1illi⁸amnl·

147 2073 288 2128 'titudine
307 2067 424 2127 merium
463 2084 603 2146 remantur,
622 2074 782 2144 expeditum
806 2074 841 2127 ad
867 2091 930 2128 snos
956 2082 1093 2144 receptum

175 2143 300 2198 hubeant.
338 2143 379 2196 Ite
397 2091 573 2198 mobilitatem
591 2145 720 2215 equitum,
735 2143 911 2210 stabilitatem
927 2143 1051 2214 peditum
1068 2144 1092 2196 in

175 2212 284 2285 proeliis
293 2221 430 2284 praestant
448 2230 481 2266 ac
502 2222 604 2267 tentum
622 2229 672 2267 usn
685 2213 840 2294 quotidiano
859 2222 886 2267 et
905 2213 1093 2266 exercitatione

175 2281 303 2352 efficiunt,
316 2282 355 2338 uti
367 2283 395 2338 in
406 2283 506 2337 declivi
517 2299 550 2336 ac
561 2283 701 2354 praecipiti
719 2282 777 2337 loco
795 2282 918 2336 incitatos
935 2297 1021 2352 equos
1039 2297 1093 2334 sus·
1124 2301 1125 2304 ¹

176 2353 261 2407 tinere
272 2361 299 2406 st
310 2351 395 2407 brevi
405 2352 537 2408 moderari
548 2369 588 2406 ac
607 2352 716 2406 flectere
735 2361 762 2406 et
773 2369 821 2422 per
833 2359 970 2406 temonem
989 2367 1094 2424 percur-

175 2439 233 2478 rere
245 2431 273 2476 et
285 2423 311 2477 in
322 2423 386 2494 jugo
398 2422 520 2477 insistere
531 2430 559 2475 et
571 2437 601 2478 se
614 2421 678 2476 iude
689 2422 715 2476 in
728 2437 821 2476 currus
832 2421 964 2476 citissime
976 2421 1094 2494 recipere

175 2491 335 2550 consuerint.

211 2566 253 2618 et.
271 2562 375 2624 Quibus
387 2563 466 2618 rebus
476 2559 636 2634 perturbetis
652 2560 748 2616 nostris
764 2561 882 2614 novitate
898 2559 1094 2632 pognae'tsm·

204 2754 213 2782 ¹
223 2721 338 2812 Nemore.
349 2723 461 2801 between
471 2751 514 2801 the
522 2751 570 2814 day
577 2767 609 2801 on
615 2751 698 2801 which
706 2749 748 2802 tlte
756 2749 855 2800 Britons
866 2749 914 2800 had
924 2747 1092 2806 surrendered,

174 2809 222 2860 and
232 2809 274 2860 the
284 2819 380 2871 present
391 2819 508 2860 moment.

175 2883 258 2993 viat
276 2882 337 2933 each
357 2890 413 2945 gato
434 2883 462 2932 oi
480 2883 522 2933 the
543 2897 613 2946 camp
638 2898 684 2933 one
704 2882 790 2933 cohort‘
803 2897 855 2932 was
875 2881 1005 2933 stationed.
1047 2881 1093 2932 Sss

203 3016 213 3046 ¹
224 3015 336 3078 Conferte
347 3015 469 3078 legiensis
480 3015 522 3066 tire
533 3015 638 3068 ablativo
649 3016 768 3066 absolute.

204 3089 377 3160 *Rereqsitore
386 3088 411 3140 in
422 3089 471 3139 this
479 3106 583 3173 passage
594 3089 741 3161 showsthat
752 3099 858 3160 opacare
867 3098 910 3138 not
918 3087 977 3150 only
985 3087 1092 3152 significa

178 3155 217 3200 ‘to
228 3149 278 3199 rrde
289 3164 320 3198 on
330 3149 475 3208 horsebaclr,
498 3151 542 3200 but
553 3150 605 3200 eleo
618 3155 657 3200 ‘to
667 3149 718 3200 ride
729 3165 754 3199 ιιι
764 3165 780 3198 s
789 3149 899 3200 chamot!

204 3222 341 3283 'Namely,
354 3222 396 3271 tlte
408 3225 526 3274 warriors.
664 3239 666 3242 '

202 3297 212 3326 ⁸
224 3294 340 3356 Namsly,
350 3304 456 3358 tenpore.

205 3367 289 3416 'That
300 3369 330 3425 is,
346 3367 437 3430 Quibus
448 3373 516 3419 rebus
526 3387 597 3431 quast
607 3372 729 3419 ooeidisset
739 3379 767 3418 ut
777 3373 882 3420 coodute
888 3388 987 3434 pagense
998 3379 1092 3433 pertur-
1124 3333 1125 3412 l

177 3428 383 3477 ioreuaruosrri.
415 3427 470 3478 The
482 3429 560 3480 words
571 3429 717 3493 marcatis
727 3431 818 3480 sostris
833 3445 889 3492 may
901 3432 932 3480 be
947 3429 1023 3480 taken
1038 3443 1093 3480 ast
1124 3463 1125 3486 i
