2296 3796
470 285 561 327 nrarrtt
580 283 601 328 ι.
955 267 997 328 65

73 396 97 448 in
114 401 207 448 castra
225 395 339 449 reduxit.
374 395 442 449 Cam
461 409 496 449 ex
513 395 627 466 captivis
643 401 782 466 quaereret
794 395 899 468 Caesar,
913 411 994 478 qaam

72 465 187 518 obrem
206 465 357 519 Ariovistus
398 464 487 517 roelio¹
505 481 557 518 nnn
577 465 733 534 decertaret,
754 464 823 518 hanc
847 465 995 538 reponebat

73 549 193 605 caumm,
207 535 278 604 qaod
289 533 360 605 apud
415 551 520 588 truanes
531 551 564 586 ea
576 534 739 587 consuetudo
757 547 836 604 esset,
851 545 879 590 ut
897 543 997 588 matres

73 602 204 657 familiae¹
222 619 314 657 eorum
333 603 447 658 sortibus
469 613 495 656 et
514 604 748 670 vaticinationibus
765 604 937 674 declararent,
956 613 997 658 at·
1032 625 1034 632 ·

73 689 132 726 ram
143 673 277 744 praelium
290 673 421 726 committi
439 689 472 726 ex
490 690 541 726 usu
558 681 637 743 esset,
650 689 752 727 necne:
771 691 819 727 eas
836 676 873 728 ita
891 675 996 729 dicere:

73 759 123 796 aon
136 759 201 796 esse
213 743 256 796 las
266 743 413 796 Gennanos
425 759 557 814 superare,
567 743 590 794 si
602 751 664 795 ante
677 760 774 798 noram
786 745 887 798 ΙιιιιιιιιιΙ
898 744 997 816 proelio

74 812 286 866 contendissent.
735 842 738 847 -

108 885 150 936 ⁵1.
166 881 299 936 Postridie
311 880 369 952 ejas
380 881 434 934 diei
448 881 546 934 Caesar
554 881 684 951 praesidio
696 883 813 953 utrisque
825 882 917 938 castris
925 883 996 952 qaod

74 952 139 1004 satis
151 967 216 1005 esse
228 952 317 1004 risum
328 961 370 1003 est
382 950 488 1021 reliquit
495 967 502 1022 3
520 967 615 1004 omnes
626 951 730 1006 alarios·
741 953 766 1006 in
780 964 924 1024 conspectu
937 953 997 1006 hos-

74 1021 141 1074 tium
157 1035 206 1092 pro
219 1021 312 1074 castris
328 1020 474 1074 minoribus
492 1021 635 1091 constituit,
647 1039 700 1092 quo
719 1023 809 1078 minus
826 1024 997 1078 multitudine

74 1090 194 1144 militum
219 1089 419 1160 legionariorum
442 1107 489 1160 pro
513 1089 628 1145 hostium
653 1109 764 1145 numero
781 1093 895 1163 valebat,
916 1104 943 1148 ut
962 1093 996 1148 ad

75 1161 197 1232 speciem
216 1160 306 1213 alariis
318 1169 450 1230 uteretur,
469 1161 526 1230 ipse
538 1161 631 1232 triplici
650 1163 777 1216 instructa
789 1163 847 1216 acie
860 1181 944 1234 usque
962 1161 997 1216 ad

75 1239 165 1283 castra
182 1229 300 1283 hostiurn
323 1231 444 1283 accessit.
481 1231 552 1283 Tum
570 1233 681 1284 demum
701 1233 851 1286 necessario
869 1233 997 1286 Germani

74 1315 140 1352 snas
165 1300 256 1369 copias
280 1299 374 1352 castris
398 1299 545 1352 eduxerunt
570 1301 772 1370 generatimque
796 1303 996 1372 constituerunt,

73 1369 187 1438 paribus
210 1369 355 1422 intervallis
380 1368 508 1438 Harudes,
536 1369 730 1439 Marcomanos,
758 1370 908 1442 Triboccos,
928 1372 1002 1425 Van·

74 1439 179 1508 giones,
197 1438 336 1508 Nemetes,
356 1438 488 1509 Sednsios,
507 1438 615 1506 Suevos,
635 1455 797 1519 omnemque
815 1440 902 1493 aciem
920 1457 998 1496 suam

74 1506 170 1560 rhedis
181 1515 208 1560 et
220 1509 299 1561 carris
311 1507 551 1578 circumdederunt,
565 1525 598 1561 ne
611 1524 664 1577 qua
676 1525 738 1588 spes
750 1526 776 1561 ιιι
789 1508 853 1578 fug-a
866 1509 997 1579 relinque·

74 1585 158 1630 retur.
196 1579 236 1631 Eo
254 1577 382 1630 mulieres
399 1578 588 1648 imposuerunt,
602 1594 671 1646 qaae
690 1595 716 1630 ιιι
734 1578 863 1648 proelium
882 1579 998 1647 proficis·

74 1655 172 1700 centes
183 1648 269 1716 passis
280 1647 415 1701 manibus‘
423 1647 518 1700 flentes
530 1645 713 1718 implorabant,
724 1663 758 1700 ne
768 1648 831 1701 sein
842 1647 998 1702 servitutem

74 1717 205 1771 minante
217 1716 357 1769 traderent.

112 1791 155 1839 52.
176 1786 274 1839 Caesar
291 1786 401 1854 singulis
424 1784 573 1854 legionibus
596 1786 714 1855 singulos
737 1784 840 1854 legatos
858 1796 885 1840 et
902 1803 998 1910 qaaes-

76 1857 173 1908 ῑιιιιιιιιο
184 1855 319 1926 praefecit,
333 1856 371 1908 uti
383 1873 430 1908 eos
449 1864 531 1908 testes
549 1873 613 1909 suae
625 1857 738 1926 quisque
750 1856 854 1910 virtutis
871 1855 905 1909 ha
925 1865 998 1925 eret3

75 1924 262 1995 ipseadextro
274 1941 362 1996 coma,
372 1925 441 1994 quod
455 1940 515 1978 eam
528 1935 631 1994 partem
642 1926 753 1979 minime
762 1926 868 1980 firmam
881 1925 998 1980 hostium

76 2011 140 2047 esee
151 1996 274 2048 animum
286 1995 443 2066 adverterat,
455 1994 580 2064 proelium
594 1996 736 2048 commisit.
763 1997 803 2049 Ita
812 1996 891 2049 nostri
903 1997 999 2050 acriter

76 2064 105 2116 in
117 2064 209 2117 hostes
227 2065 302 2132 signo
313 2065 375 2117 dato
387 2065 518 2133 impeturn
531 2065 659 2128 secernat,
674 2066 763 2135 itaque
781 2064 870 2118 hostes
888 2076 998 2136 repente

75 2132 253 2202 celeriterque
262 2135 613 2204 procurrerunt,utspatium
626 2135 679 2204 pila
691 2137 718 2188 in
731 2135 822 2188 hostes
839 2136 998 2206 conjiciendi

76 2203 258 2255 non-daretur.
294 2202 411 2273 Rejectis
428 2202 490 2271 pilis
507 2205 657 2256 comminus
674 2203 770 2272 gladiis
788 2215 934 2273 pugnaturn
947 2216 996 2260 est.
1049 2235 1051 2240 ·

76 2273 113 2325 At
126 2271 254 2324 Germani
271 2271 394 2324 celeriter
406 2289 439 2324 ex
451 2273 642 2326 consuetudine
661 2291 710 2326 sua
722 2273 853 2343 phalange
866 2274 937 2328 iacta
948 2276 996 2328 im·

76 2349 158 2411 petus
169 2340 318 2409 gladiorum
337 2351 506 2410 exceperunt.
544 2343 649 2412 Reperti
669 2353 729 2395 sunt
748 2343 899 2412 complures
916 2346 996 2397 nostri

77 2409 186 2480 milites,
200 2412 246 2480 qui
265 2412 289 2463 in
309 2410 455 2480 phalangas
474 2411 601 2464 insilirent
620 2422 647 2464 et
665 2422 740 2465 scuta
752 2412 876 2465 manibus
888 2413 997 2465 revelle·

450 2497 460 2519 Ι

821 2535 995 2546 —-—--—q

77 2593 249 2712 pa¹rtProolium
258 2595 316 2646 hers
327 2597 348 2646 is
358 2613 372 2645 a
383 2598 478 2658 regular
488 2598 573 2656 battle,
584 2613 609 2648 ιιι
617 2598 698 2646 which
708 2597 749 2646 the
759 2597 838 2645 whole
849 2612 917 2658 army
926 2597 996 2648 takes

105 2725 181 2774 'The
193 2727 287 2775 ancient
301 2727 420 2778 Germane
438 2729 548 2780 believed
567 2731 619 2790 that
639 2727 680 2778 the
696 2729 783 2778 female
800 2745 844 2777 sex
859 2728 906 2778 hed
917 2745 996 2778 some·

76 2784 341 2904 qqipqmsupernatural
366 2791 439 2838 about
460 2791 487 2847 it,
510 2791 557 2839 arrd
577 2805 629 2839 was
654 2787 771 2838 endowed
792 2789 852 2836 with
873 2789 997 2849 prophetia

89 2933 189 3003 funis
208 2934 287 2983 oracle
306 2935 398 2996 applica
415 2933 473 3003 only
491 2947 517 2984 to
533 2937 574 2985 the
592 2946 689 2997 present
706 2951 771 2992 case,
787 2936 842 2993 and,
856 2945 879 2984 at
897 2935 996 2985 another

76 3003 146 3049 time,
159 2992 202 3041 the
213 3009 310 3042 women
320 2995 398 3056 might
409 2993 492 3043 advrse
504 2993 545 3043 the
556 3011 614 3056 very
625 2995 742 3055 opposite.

84 3082 127 3192 αἶα
125 3080 182 3129 The
192 3083 267 3130 alarii
281 3098 321 3130 are
337 3082 379 3130 the
390 3081 536 3138 auxiliariae,
549 3082 605 3130 who
616 3098 680 3131 were
691 3082 775 3131 drawn
785 3095 818 3140 up
830 3088 854 3128 at
865 3079 906 3128 the
918 3081 996 3144 wings

77 3150 85 3199 (
105 3147 192 3265 ‘iheu
204 3214 233 3271 is,
246 3215 307 3263 with
317 3215 381 3263 their
391 3215 468 3264 hands
480 3214 603 3263 stretched
614 3223 664 3263 out.

105 3288 183 3338 ‘The
200 3297 323 3396 qpraeston
341 3287 457 3348 probably
473 3287 514 3336 the
531 3297 644 3348 quaestor
654 3287 682 3335 of
692 3285 863 3357 theprovince
878 3287 906 3335 oi
921 3287 993 3346 Gaul.

77 3365 160 3400 seeum
172 3357 197 3398 to
227 3363 271 3396 ave
282 3347 394 3408 supplied
404 3347 446 3396 the
457 3347 525 3407 place
535 3347 564 3395 ot'
575 3347 689 3409 alegate,
702 3363 728 3396 as
739 3362 765 3395 ιιι
775 3361 798 3394 v.
810 3347 847 3393 24.
