2296 3796
525 131 529 160 l

151 253 193 316 26
455 267 497 308 os
518 269 615 311 annuo
637 271 773 313 eruuroo.

152 397 182 436 se
193 379 228 434 ad
241 397 302 436 eam
315 395 373 434 rem
420 389 490 434 ratos
501 398 562 436 esse
573 380 691 436 arbitrati
709 387 778 451 sunt,
791 379 889 452 oppida
908 397 957 434 sus
973 380 1081 453 omnia,

152 467 263 506 nurnero
275 449 309 504 ad
321 451 358 504 du
394 451 472 521 seim,
486 452 560 506 vicos
576 451 611 505 ad
628 449 842 521 quadringentos,
856 449 959 522 reliqua
970 451 1083 521 privata

152 518 1083 601 aedificia¹incendunt,frumentumomue,praeterquamquodsecum

152 591 278 662 portaturi
296 599 378 660 erant,
392 591 550 644 comburunt
571 600 601 644 ut
619 590 729 644 domurn
749 589 884 644 reditionis
902 607 949 661 spe
968 590 1083 645 sublata

152 660 297 730 paratiores
308 661 343 713 ad
356 660 446 714 omnia
458 630 576 732 pericula
585 659 725 714 subeunda
737 669 835 730 essent,
844 661 925 714 'trium
939 661 1082 716 mensium

152 730 244 784 molita
256 730 357 784 cibaria
369 730 419 785 sibi
431 747 567 800 quemque
579 729 658 782 domo
671 727 765 782 efferre
776 728 881 799 jubent.
908 731 1081 784 Persuadent

152 799 280 854 Rauracis
300 809 329 853 et
347 799 469 869 Tulingis
489 808 515 853 et
536 799 682 866 Latobrigis
705 798 832 869 finitimis,
854 801 893 852 uti
914 800 1010 853 eodem
1031 801 1080 853 usi

152 868 1082 968 oonsiliooppidissuisvioisqueexustisunaourniis¹proficisoantur,

152 938 290 1009 Boiosque,
301 939 346 1009 qui
356 948 426 992 trans
438 939 562 992 Rhenum
575 937 738 992 incoluerant
750 947 778 990 et
790 938 817 992 in
829 956 923 1008 agrum
935 939 1069 993 Norieurn

152 1010 308 1131 trpnsiprant
328 1009 518 1080 Noreiamque*
536 1016 727 1080 oppugnarunt,
746 1018 867 1080 receptos
885 1009 919 1062 ad
938 1025 968 1062 se
987 1009 1079 1062 soeios

153 1078 175 1130 si
196 1079 230 1129 ia
251 1079 377 1131 sciscunt.

188 1153 213 1200 6.
232 1148 314 1201 Erant
331 1148 438 1202 omnino
456 1147 551 1201 itinera
567 1148 628 1218 duo,
641 1146 739 1217 quibus
751 1146 898 1201 itineribus⁵
908 1147 988 1201 domo
1000 1148 1078 1202 exire

152 1226 276 1287 possent:
300 1234 385 1272 unum
408 1233 455 1287 per
477 1219 621 1288 Sequanos,
645 1226 789 1286 angustum
812 1225 839 1270 et
862 1217 972 1270 difficile
1004 1219 1078 1272 inter

153 1294 273 1340 montem
290 1287 383 1342 Juram
401 1299 427 1340 et
445 1288 546 1342 flumen
564 1286 730 1353 Rhodanum,
749 1287 794 1340 vix
811 1287 874 1356 qua'
891 1289 930 1340 sin
968 1258 987 1341 ii
1005 1287 1077 1342 oarri

153 1354 327 1438 ducerentur}
340 1374 415 1412 mons
427 1367 519 1412 autem
531 1356 676 1411 altissimus
687 1356 868 1427 impendebat,
881 1368 911 1410 ut
934 1357 1002 1411 aeile
1015 1369 1076 1428 per*-
1137 1393 1138 1400 ι

153 1425 233 1496 pauci
272 1427 391 1481 rohtbere
411 1437 531 1498 possent:
558 1427 673 1481 alterum
696 1443 743 1496 per
762 1427 926 1496 provinciam
947 1437 1075 1500 nostram,

153 1495 237 1550 multo
250 1444 355 1550 bailius
366 1506 447 1568 atque
459 1497 617 1568 expeditius,
628 1495 845 1567 proptereaquod
858 1497 926 1550 inter
935 1497 1003 1550 fines
1011 1497 1076 1552 Hel-

154 1567 285 1620 vetiorum
305 1576 333 1620 et
352 1567 532 1636 Allobrogum,
551 1569 598 1636 qui
615 1565 708 1637 nuper⁷
726 1565 813 1636 paeati
833 1575 915 1636 erant,
929 1565 1077 1622 Rhodanus

154 1634 300 1706 fluit,isque
313 1637 445 1690 nonnullis
456 1637 521 1689 loeis
533 1635 601 1688 vado
612 1635 745 1689 transitur.
774 1636 932 1690 Extremum
944 1653 959 1689 o
978 1637 1074 1708 pidum

154 1705 326 1774 Allobrogum
348 1715 388 1760 est
409 1705 611 1776 proximumque
632 1705 814 1760 Helvetiorum
835 1705 932 1758 finibus
952 1654 1074 1762 geneva.
1136 1691 1138 1752 l

155 1775 197 1828 Ex
214 1791 246 1828 eo
263 1775 359 1845 oppido
377 1791 443 1845 pons
460 1774 494 1827 ad
507 1774 643 1828 Helvetios
655 1776 777 1845 pertinet.
812 1774 1000 1844 Allobrogibus
1013 1794 1076 1836 sese
1135 1757 1138 1878 l

154 1843 198 1896 vel
209 1859 388 1914 persuasurus,
402 1844 472 1914 quod
485 1841 602 1898 nondum
614 1844 682 1900 bono
694 1846 782 1900 animo
799 1847 826 1898 in
838 1844 967 1915 populum
978 1845 1075 1902 Roma·

153 1930 220 1966 num
237 1913 396 1984 viderentur,
415 1913 611 1984 existimabant,
624 1913 668 1968 vel
688 1915 715 1968 vi
732 1922 876 1984 coacturos,
898 1925 925 1967 ut
944 1932 992 1985 per
1011 1915 1076 1970 suos
1135 1879 1137 2028 Ι

152 1982 222 2036 fines
241 1999 288 2036 eos
306 1984 344 2036 ire
365 1983 536 2053 paterentur.⁸
569 1983 699 2056 Omnibus
723 1983 803 2038 rebus
825 1983 859 2037 ad
880 1984 1075 2055 prosectionem

153 2052 315 2123 comparatis
330 2053 403 2108 diem
421 2053 527 2125 dieunt,
540 2070 594 2124 qua
613 2053 658 2108 die
677 2053 712 2106 ad
731 2053 818 2125 ripam
836 2053 959 2108 Rhodani
979 2072 1076 2110 omnes

152 2276 200 2325 and
209 2275 321 2336 villages‚
334 2290 361 2324 or
372 2275 585 2336 country-houses.

180 2352 190 2380 ²
201 2349 260 2400 Cam
270 2351 311 2406 iis,
320 2349 415 2398 instead
424 2349 453 2398 oi
458 2365 543 2398 secuse

181 2423 224 2472 'Is
235 2423 277 2472 the
288 2423 400 2484 territory
411 2425 524 2471 between
534 2421 576 2479 the
587 2422 689 2472 Danube
700 2422 747 2472 and
758 2424 800 2472 the
812 2423 885 2486 Alps.
1093 2438 1096 2443 ·
1133 2403 1134 2464 l

181 2497 288 2547 ‘Noreia
297 2498 318 2546 is
328 2496 441 2546 believed
451 2498 559 2557 bysome
570 2505 596 2546 to
607 2499 637 2546 be
648 2495 690 2545 the
701 2496 801 2546 modern
810 2506 877 2548 town
886 2497 916 2548 os
923 2498 1015 2558 Gesta,
1025 2498 1074 2550 and

151 2559 185 2619 by
194 2559 278 2607 others
290 2557 315 2606 N
319 2558 430 2617 imberg.

180 2631 255 2680 ‘The
271 2629 439 2690 repetitiones
450 2629 491 2677 the
507 2643 572 2678 noun
582 2637 608 2678 to
620 2627 700 2676 which
711 2629 754 2677 the
768 2629 869 2679 relative
885 2630 971 2690 refers,
984 2632 1072 2692 iapro·

151 2691 225 2751 hably
236 2705 268 2739 an
278 2689 398 2738 imitation
408 2687 436 2736 of
444 2687 465 2736 le
484 2688 507 2736 al
526 2688 687 2757 ,bressologm
699 2688 797 2758 suehas
802 2690 825 2738 'it
837 2691 953 2740 occurred
963 2691 989 2741 in
1000 2691 1062 2743 lawa
1130 2641 1132 2758 i

151 2760 252 2800 senatus
267 2748 386 2804 consulta,
400 2747 447 2796 eud
457 2705 499 2795 tbe
515 2703 574 2816 fille,
588 2747 635 2796 and
645 2763 666 2796 rs
677 2746 751 2797 found
761 2763 786 2797 rn
796 2747 830 2798 all
839 2749 881 2798 the
892 2749 1005 2800 classieal
1016 2752 1072 2802 wri·
1130 2761 1131 2766 ’

151 2820 210 2867 tera,
220 2808 316 2868 though
327 2817 391 2856 most
402 2806 539 2867 frequently
550 2822 574 2855 ιιι
583 2806 681 2856 Caesar.
1105 2839 1107 2844 ·
1128 2769 1131 2904 i

182 2884 191 2912 ⁸
203 2881 258 2944 Qu
269 2882 308 2950 sia
319 2880 340 2928 is
351 2883 392 2928 the
407 2885 474 2928 same
486 2895 512 2928 es
523 2888 550 2927 ot
562 2897 588 2928 eo
599 2879 713 2942 (namely,
723 2883 897 2944 portaerem),
910 2881 1014 2932 whence
1030 2883 1073 2934 the
1129 2941 1130 2952 γ

153 2943 307 3003 subjunctive
317 2943 466 2988 decusatur.

182 3017 284 3085 'There
295 3013 343 3063 had
356 3013 506 3120 latelpbsen
517 3022 567 3064 two
577 3000 640 3063 ware
682 3013 745 3063 ainst
757 3013 798 3062 the
810 3014 1075 3089 Allobroges-obern
1127 2997 1130 3052 l

151 3072 1074 3199 bttlrffbtltlrttbttttulltntbhi‘ltlltlltlttlttt:
1126 3115 1129 3198 l

153 3208 220 3300 pepp.
234 3194 258 3300 ip
269 3207 322 3242 rao.
331 3195 372 3249 63,
385 3191 458 3239 when
470 3191 499 3240 C.
512 3191 656 3253 Pomptinus
667 3207 719 3240 was
729 3206 848 3253 governor
858 3193 887 3242 of
898 3194 941 3244 the
956 3197 1075 3257 province
1127 3207 1128 3240 l

216 3269 262 3300 au.

185 3323 271 3376 'Thai
281 3325 312 3385 is,
324 3333 352 3376 ut
361 3342 440 3390 seper
450 3327 624 3390 ipeoramfiaea
635 3327 671 3376 ire
678 3333 825 3389 poterentur.

182 2214 302 2263 ¹Prioata
310 2216 417 2277 aedificta
425 2224 491 2264 must
499 2214 556 2264 here
565 2217 595 2264 be
604 2216 694 2266 hossas
702 2215 755 2265 thet
764 2215 835 2266 stand
843 2226 911 2278 spart
919 2216 981 2267 from
992 2227 1074 2270 towns
