2296 3796
152 327 190 396 48
453 345 494 385 ou
515 343 612 386 aaran
632 344 767 386 encoma.

153 455 254 523 batur3¹
270 453 373 509 factum
392 454 473 508 etiam
493 469 578 524 nuper
595 453 622 507 in
641 453 717 508 ltalia
737 454 826 508 servili
846 455 983 524 tumultu,¹
1001 457 1079 526 qaos’

153 534 242 577 tamen
261 523 362 594 aliquid
381 540 446 578 usus
463 540 496 576 ac
513 523 660 593 disciplina,
674 539 756 593 quam
773 541 791 578 a
809 525 1077 595 nobisaocepissent,

153 594 332 647 sublevarent.
369 593 410 648 Ex
427 609 481 663 quo
496 592 607 664 judicari
625 600 722 662 posset,
735 603 864 672 quantum
882 594 996 648 haberet
1009 596 1037 648 in
1050 611 1078 647 sc

153 663 215 716 bani
228 663 374 716 constantia
381 679 388 732 ;
407 671 545 732 propterea
556 661 626 732 quod
639 678 706 732 quos
717 661 881 732 aliquamdiu
892 666 1078 718 inermassinc

154 749 235 786 caasa
254 731 411 802 timuissent,
425 732 473 786 hos
526 741 583 784 stoa
599 740 715 784 armatos
726 749 758 784 ac
770 734 884 786 victores
896 743 1077 804 superassent.
1130 743 1131 748 ’

154 801 275 870 Denique
293 801 342 854 hos
359 817 420 854 esse
438 819 484 854 eos
504 817 555 871 em,
569 801 729 870 quibuscum
749 819 943 872 saepenumero
961 803 1078 856 Helvetii

154 871 288 938 congressi
300 885 351 923 non
372 869 457 924 solum
477 872 502 924 in
522 871 585 938 suis,
599 870 741 923 sedetiam
754 871 897 926 inillarum
910 872 1011 926 finibus
1024 873 1077 942 ple·

156 955 267 1008 rumque
280 941 446 1010 superarint,⁴
472 941 499 992 ui
513 949 602 992 tamen
615 955 694 1008 pares
705 957 765 994 esse
783 951 871 994 nostro
883 943 1014 995 exercitui
1028 959 1077 994 nan

155 1010 295 1079 potuerint.
326 957 843 1080 Siquosahversumproeliumntaga
854 1010 993 1064 Gallorum
1008 1026 1078 1064 corn·
1118 1077 1120 1082 ,

156 1086 283 1147 moveret,
297 1077 353 1147 hos,
366 1080 388 1130 si
407 1087 572 1148 quaererent,
592 1079 706 1148 reperire
724 1095 802 1148 posse
819 1079 996 1133 diuturnitate
1016 1081 1077 1134 belli

156 1145 307 1214 defatigatis
319 1147 403 1200 Gallis
415 1147 586 1217 Ariovistum,
596 1165 659 1200 cum
671 1148 769 1201 multos
777 1166 885 1202 menses
896 1151 992 1202 castris
1005 1167 1036 1202 se
1048 1168 1077 1202 ac

156 1216 299 1294 paludibus
311 1217 440 1270 tenuisset
452 1233 540 1286 neque
552 1217 593 1270 sui
605 1215 765 1286 potestafe'm
777 1218 893 1288 fecisset,
903 1219 1078 1288 desperantes

156 1301 211 1354 Jam
229 1286 264 1337 de
282 1301 370 1355 pagna
387 1294 414 1338 et
431 1285 564 1356 dispersos
582 1287 669 1340 sabito
687 1285 807 1340 adortum
826 1290 913 1356 magis
931 1289 1033 1340 ratione
1053 1298 1076 1340 et

156 1354 272 1422 consilio,
290 1371 371 1424 quam
389 1355 486 1409 virtute
504 1355 609 1410 vicisse.
646 1355 695 1409 Oui
720 1357 813 1408 rationi
840 1367 930 1410 contra
954 1359 1076 1410 homines

156 1423 283 1478 barbaros
299 1433 380 1494 atque
391 1425 528 1494 imperitos
539 1425 613 1477 locas
625 1423 726 1494 fuisset,
739 1425 790 1478 hac
809 1444 843 1480 ne
861 1427 949 1496 ipsum
968 1427 1076 1496 quidem

158 1509 263 1562 sperare
281 1504 383 1547 nostros
400 1495 534 1548 exercitus
550 1495 619 1562 capi⁸
631 1509 718 1563 posse.
753 1496 806 1554 Qui
823 1513 901 1550 saum
915 1497 1075 1549 timoremin

158 1563 196 1616 rei
208 1563 396 1616 frumentariae
415 1562 611 1617 simulationem
628 1564 817 1634 angustiasque
835 1566 960 1622 itinerum
978 1566 1076 1620 confer·

158 1645 224 1702 rent,
237 1632 326 1686 facere
338 1641 496 1703 arroganter,
509 1649 572 1686 oum
590 1641 636 1684 aut
648 1633 682 1685 de
694 1633 782 1686 afficio
800 1635 966 1706 imperatoris
983 1636 1075 1704 despe-

159 1719 224 1771 rare,
235 1711 281 1755 aut
293 1703 474 1772 praescribere
486 1701 646 1754 viderentur.
682 1702 756 1755 Haeo
768 1703 818 1756 sibi
830 1721 890 1757 esse
907 1721 1007 1757 curae:
1028 1705 1075 1758 fru-

159 1781 282 1826 mentum
299 1771 442 1841 Sequanos,
462 1772 572 1841 Leuoos,
592 1771 724 1824 Linoones
741 1771 1076 1844 subministrara‘jamqac

159 1857 221 1894 esse
233 1842 259 1893 in
271 1841 342 1908 agris
353 1840 487 1893 framenta
498 1853 619 1909 matura,
637 1811 672 1892 de
685 1841 777 1893 itinere
790 1842 861 1911 ipsos
873 1843 946 1896 brevi
960 1853 1076 1913 tempore
1130 1907 1131 1914 ἵ

158 1911 329 1980 judicaturos.
359 1909 435 1968 Quod
448 1927 499 1962 non
512 1910 567 1964 fore
579 1911 650 1963 dicto
662 1909 802 1964 audientes
815 1929 901 1982 neque
914 1914 991 1981 signa
1004 1913 1075 1966 laturi

159 1979 287 2049 dicantur,
300 1979 367 2032 nihil
379 1995 409 2032 se
422 1995 455 2031 ea
466 1996 494 2031 re
506 1980 667 2033 commereri
675 1995 683 2048 5
701 1980 768 2032 scira
787 1980 859 2034 enim
876 1983 1077 2052 quibuscunque

159 2050 294 2102 exercitus
305 2048 376 2102 dicto
388 2049 500 2102 audiens
512 2065 562 2102 non
576 2049 664 2117 suerit,
676 2057 722 2102 aut
735 2049 807 2102 male
820 2067 847 2102 re
860 2061 935 2118 gesta
946 2052 1077 2106 fortunam

159 2119 286 2186 defuisse,
299 2128 345 2172 aat
357 2119 446 2188 aliquo
459 2118 575 2172 facinore
593 2129 728 2188 comperto
740 2119 878 2174 avaritiam
897 2137 957 2173 esse
976 2123 1077 2176 convic-

160 2198 215 2242 tam
224 2190 241 2242 ε’
252 2205 329 2241 ruam
340 2188 518 2242 innocentiam
527 2197 656 2258 perpetua
664 2189 724 2258 vita,
733 2187 889 2242 felicitatem
899 2190 1077 2244 Helvetiorum

75 2281 79 2302 ι
159 2255 230 2312 bello
242 2273 302 2310 esse
315 2267 491 2329 perspectam.
515 2259 609 2326 Iraque
622 2273 651 2309 se
663 2257 734 2326 quod
747 2257 773 2312 in
785 2258 928 2328 longiorem
941 2259 1017 2314 diem
1029 2260 1077 2314 col-

159 2327 261 2380 laturus
272 2325 374 2398 fuisset,
388 2327 657 2399 repraesentaturum
668 2335 695 2380 et
707 2328 828 2398 proxima
839 2335 917 2382 nocte
934 2328 970 2381 de
988 2341 1078 2399 quarta

188 2495 197 2523 ¹
211 2491 349 2551 Videbatur,
362 2492 403 2541 the
415 2491 552 2548 indicative,
565 2489 659 2540 instead
670 2489 699 2539 of
709 2490 751 2540 the
762 2492 924 2553 subjunctive,
938 2493 958 2542 ie
970 2510 985 2542 a
995 2495 1077 2544 transi·

160 2553 209 2601 tion
221 2553 283 2602 from
293 2553 335 2601 the
346 2553 447 2602 indirect
459 2561 484 2600 to
495 2551 536 2599 the
548 2551 623 2600 direct
635 2549 732 2610 speech.

189 2627 198 2656 ²
210 2625 337 2676 fbmultar
348 2627 369 2674 is
380 2627 422 2675 the
433 2641 504 2674 name
514 2623 551 2673 for
562 2639 609 2685 any
616 2639 667 2672 war
677 2623 767 2693 carried
779 2639 810 2672 on
821 2625 846 2673 in
855 2625 934 2685 Italy..
954 2625 1007 2675 Cio.
1015 2625 1078 2676 ma.

160 2686 210 2735 viii.
223 2689 242 2734 1.
275 2685 330 2734 The
341 2686 428 2735 servile
439 2700 490 2733 war
500 2684 558 2733 here
574 2682 671 2732 alluded
686 2693 711 2732 to
727 2699 748 2732 rs
764 2683 816 2732 that
832 2685 860 2733 of
872 2685 1012 2745 Spartacus,
1025 2686 1079 2734 who

160 2762 212 2794 was
223 2743 333 2793 defeated
348 2745 374 2792 in
389 2759 413 2793 a.
426 2759 446 2792 c.
458 2747 486 2793 71
498 2744 532 2804 by
543 2743 579 2791 M.
592 2743 700 2792 Licinius
713 2742 826 2801 Crassus,
840 2744 887 2792 aud
897 2759 987 2806 among
997 2745 1079 2796 whose

161 2819 218 2854 men
227 2804 295 2852 there
306 2817 370 2851 were
382 2819 396 2851 a
406 2813 473 2864 great
484 2817 558 2862 many
568 2803 695 2850 Germane.

161 2875 275 2986 ῃοζέὶέιοι
287 2875 362 2925 refers
373 2885 399 2926 to
409 2893 497 2932 aanor,
506 2875 586 2923 which
597 2876 618 2924 is
629 2875 727 2936 implied
738 2875 876 2926 inservitis.
903 2875 951 2926 See
962 2877 1031 2939 chap.
1040 2881 1077 2937 36,

190 3012 199 3039 ⁴
208 3009 264 3058 The
275 3008 355 3069 object
365 3016 391 3057 to
401 2986 544 3072 superarint
554 3008 575 3058 is
586 3023 652 3070 quor,
665 3007 746 3058 nhich
762 3018 828 3058 mast
838 3009 870 3058 be
880 2997 956 3060 talteu
965 3010 1029 3062 from
1038 3011 1078 3062 the

161 3068 291 3130 preceding
301 3067 393 3129 pudor.

191 3145 200 3172 ⁸
212 3143 283 3206 Caph
302 3142 354 3190 that
366 3142 395 3200 is,
408 3144 435 3191 in
443 3144 557 3204 fraudem
567 3143 657 3200 induci,
670 3158 697 3192 or
707 3152 732 3192 to
742 3145 773 3192 be
784 3143 908 3194 deceired.

191 3215 344 3266 ιΑυιινίιίιιτιι
358 3232 409 3270 aare
423 3217 561 3272 wammam
579 3215 632 3264 that
648 3216 678 3272 ie,
691 3218 745 3266 illos
763 3216 880 3273 (millites)
895 3220 1014 3270 acontiae
1027 3236 1075 3268 can·

163 3276 234 3322 aidan
246 3291 308 3322 aare:
326 3289 353 3322 or
364 3273 436 3324 when
446 3291 493 3334 any
503 3275 576 3324 crime
588 3291 639 3324 was
649 3274 799 3334 discovered,
811 3276 830 3325 it
840 3291 892 3326 was
903 3277 997 3340 always
1006 3279 1077 3330 found

164 3331 215 3379 that
226 3331 267 3380 the
278 3332 379 3382 soldiere
390 3333 438 3382 had
448 3335 511 3382 been
521 3334 561 3383 led
570 3345 597 3382 to
607 3335 625 3382 it
636 3335 670 3393 by
680 3335 782 3386 avarica.

192 3401 276 3452 ''l'hat
288 3404 317 3462 is,
329 3407 411 3455 rtatim
419 3407 551 3468 factarum,
564 3406 594 3456 he
606 3405 687 3456 would
697 3406 757 3456 doit
768 3416 793 3458 at
803 3421 872 3459 once.
