2272 3788
130 283 188 348 trs
430 301 472 343 ur
492 299 590 344 estro
609 298 747 342 amuco.

126 417 252 482 equum
266 406 424 464 committit:
445 408 626 463 laborantibus
642 408 700 488 ism
716 407 773 462 suis
783 406 935 462 Germanos
945 408 1057 479 equites

127 481 232 536 circiter
249 495 326 532 ccco.
346 477 497 546 submittit,¹
513 494 582 546 quos
600 478 636 530 nb
648 477 721 530 mitio
741 493 836 529 secum
855 476 958 530 habere
977 479 1055 534 iusti·

127 557 223 604 tuerat.
260 547 361 600 Eorum
380 547 512 616 impeturn
523 545 594 598 Gelli
606 547 738 600 sustinere
749 561 800 598 non
813 554 959 613 potueruut
969 555 1055 616 etque
1128 603 1129 606 Ἴ

127 617 155 672 ic
174 617 265 684 iugum
284 616 406 685 conjecti,
424 614 516 668 multis
531 615 645 683 amissis,
658 631 688 666 se
705 612 739 666 ed
759 631 859 682 agmen
874 627 1053 683 receperunt:

126 685 225 756 quibus
248 685 401 754 profligatis,
425 699 516 735 mrsus
537 682 663 752 oppidani
687 682 819 751 perterriti
842 681 1055 752 comprehensos

127 769 182 824 ecs,
195 769 308 824 quorum
319 769 400 822 opere
411 751 521 821 plebem
533 751 693 804 concitatam
712 750 908 818 existimabunt,
929 751 967 804 ed
986 753 1054 805 Gue-

127 839 216 878 ssrcm
240 821 420 892 perduxerunt
443 835 558 888 seseque
582 820 608 872 ei
631 819 800 873 dediderunt.
842 817 948 877 Quibus
971 820 1054 874 rebus

127 891 263 958 consectis,
273 891 371 943 Caesar
381 888 416 942 sd
428 905 462 957 op
482 888 556 941 idum
568 888 734 957 Avaricum,'
745 885 817 955 quod
829 897 886 940 eret
898 888 1054 942 maximum

127 959 390 1027 munitissimumque
414 957 440 1010 in
502 957 563 1011 ibus
586 956 735 1024 Biturigum
758 963 840 1023 atque
862 956 919 1024 egri
943 954 1052 1010 fertilis-

127 1028 196 1082 sium
217 1025 330 1095 regione,
352 1025 486 1096 profectus
506 1033 563 1092 est,
581 1024 661 1092 quod,
681 1023 830 1093 scoppido
851 1033 968 1094 recepto,
987 1026 1052 1078 civi-

127 1104 212 1150 tatem
224 1095 372 1162 Biturigum
383 1111 413 1146 se
426 1095 452 1146 in
464 1101 622 1162 potestatem
636 1093 807 1146 reducturum
819 1093 981 1146 confidebat.

166 1170 205 1216 14.
224 1163 431 1242 Vercingetorix,
449 1169 486 1214 tot
506 1161 637 1215 coutinuis
656 1161 833 1214 incommodis
844 1160 1051 1232 Vellaunoduni,

127 1231 231 1286 Genubi
264 1231 415 1286 Novioduni
437 1231 564 1300 acceptis,
590 1245 653 1285 suos
681 1229 716 1281 sd
741 1228 886 1282 concilium
912 1238 1051 1284 convocet.
1128 1247 1129 1290 3

128 1301 220 1370 Docet,
233 1271 311 1368 ionge
327 1299 381 1352 elis
398 1299 498 1352 ratione
514 1314 575 1350 esse
592 1297 696 1350 bellum
707 1296 865 1366 gerendum,
876 1305 960 1366 atque
972 1306 1053 1352 entes
1128 1305 1129 1364 ζ

128 1368 164 1422 sit
179 1377 301 1437 gestum:
321 1368 445 1420 omnibus
464 1365 553 1421 modis
571 1365 635 1420 huic
655 1365 693 1417 rei
714 1365 884 1435 studendum,
898 1376 928 1418 ut
940 1366 1052 1436 pebuls-
1128 1401 1129 1410 κ

128 1437 200 1490 tione
223 1445 250 1490 et
273 1443 427 1490 commeatu
450 1435 562 1489 chsui
585 1433 790 1504 prohibeantur:
821 1434 849 1486 id
875 1451 944 1486 esse.
961 1434 1051 1504 focile,
1128 1469 1129 1484 r

127 1505 199 1575 quod
220 1506 340 1576 equitatu
362 1505 413 1573 ipsi
432 1503 577 1570 abundent,
596 1511 623 1555 et
641 1501 712 1572 quod
731 1503 795 1556 anni
815 1503 946 1572 ternpore⁸
962 1503 1052 1558 suble·
1128 1557 1129 1564 ,

128 1583 239 1628 rentur:
270 1573 399 1642 pabulum
426 1571 509 1624 seueri
536 1587 586 1624 non
613 1587 708 1640 posse,
737 1572 888 1624 necessario
917 1571 1054 1640 dispersos

127 1641 220 1697 hostes
236 1659 270 1695 ex
284 1641 416 1694 aedificiis
432 1646 523 1710 petere
532 1641 550 1691 :⁴
566 1639 615 1692 hos
630 1655 725 1692 ornnes
736 1640 854 1710 quotidie
866 1639 902 1692 ab
914 1641 1056 1709 equitibus
1128 1693 1129 1696 ,

128 1710 213 1766 deleri
224 1727 310 1780 posse.
347 1711 489 1763 Praeterea
506 1708 599 1761 salutis
614 1723 696 1778 causa
707 1710 746 1761 rei
759 1708 897 1762 familiaris
909 1709 1053 1764 commode
1128 1723 1129 1778 r

127 1779 303 1848 negligenda·
335 1779 407 1831 vicos
433 1785 516 1845 utque
545 1777 669 1831 aedificia
697 1776 804 1830 incendi
832 1769 975 1856 opportere*
1001 1777 1054 1831 hoo
1128 1779 1129 1800 ¹

129 1849 233 1918 spctio,⁵
255 1864 272 1899 a
296 1817 359 1900 Boiu
382 1861 488 1914 quoquc
509 1861 610 1913 versus,
632 1861 685 1913 quo
707 1845 853 1914 pabulandi
876 1861 959 1898 causa
978 1847 1053 1900 adire

128 1932 208 1987 posse
230 1915 381 1968 rideantur.
424 1914 526 1968 Herum
552 1915 560 1965 i
595 1914 618 1965 is
644 1915 743 1966 rerum*
767 1915 873 1982 copiam
900 1923 1051 1984 suppetere,

129 1983 222 2053 quod,¹
237 1998 350 2050 quorum
381 1982 407 2036 in
438 1982 537 2036 finibus
600 1981 667 2034 ilum
692 1990 806 2050 geratur,
835 1999 928 2036 eorum
957 1983 1054 2053 opibus

129 2051 318 2105 subleventur:
340 2051 473 2104 Romanos
492 2058 539 2103 cut
559 2049 675 2128 inopiam
696 2067 746 2104 non
768 2051 874 2120 laturos,
891 2061 938 2104 sut
955 2068 1053 2120 magno
1128 2059 1129 2104 i

129 2134 193 2174 curn
212 2119 329 2188 periculo
348 2119 454 2187 longius
473 2117 509 2172 cb
527 2127 623 2180 ¹castris
642 2135 840 2200 progressuros:
862 2136 951 2188 neque
972 2121 1063 2174 inter·-

129 2204 199 2256 ssse,
224 2187 329 2256 ipsosne
359 2188 527 2256 interficiant,
552 2188 798 2257 impedimentisne*
824 2197 931 2257 exuant,
956 2189 1055 2258 quibus

129 2256 237 2310 emissis
257 2256 358 2310 bellum
381 2257 437 2324 geri
461 2273 514 2308 non
538 2255 629 2326 possit.
667 2257 808 2309 Praeterea
828 2257 927 2326 oppido
946 2257 1054 2312 incendi

129 2332 258 2396 oportere,
279 2340 348 2395 quse
372 2341 424 2378 non
449 2325 596 2378 munitione
619 2336 647 2378 et
667 2324 719 2378 loci
739 2334 833 2380 nature
852 2325 888 2378 ab
908 2328 982 2378 omni
1003 2327 1054 2380 sint

130 2393 249 2465 periculo
269 2401 342 2463 tute,
360 2411 414 2447 neu
434 2394 491 2446 suis
511 2393 563 2446 sint
583 2393 618 2445 ad
638 2393 851 2446 detractandam
870 2394 997 2448 militiam
1016 2412 1054 2448 rs·

159 2519 318 2568 ¹Subinittere
329 2521 349 2580 is
366 2519 408 2567 the
425 2535 492 2568 seme
509 2535 536 2567 cs
546 2521 638 2566 cosilio
648 2521 739 2567 mittere
746 2536 757 2576 ,·
774 2521 826 2576 sui,
840 2521 865 2568 in
882 2521 1051 2580 composition,

130 2578 268 2640 frequentl‘y
279 2578 369 2638 having
379 2579 421 2626 the
432 2578 546 2638 meaning
556 2577 585 2624 cf
594 2583 599 2603 ¹
610 2579 726 2636 support.¹
882 2580 885 2584 '

158 2650 315 2705 ’Auaricum
325 2650 365 2697 the
373 2650 460 2709 capitul
469 2649 497 2698 of
502 2649 543 2698 the
551 2649 683 2710 Bituriges,
692 2665 724 2698 on
731 2650 772 2697 the
779 2650 842 2698 river
851 2652 935 2700 Averc
942 2651 1052 2709 (Eume),

130 2721 182 2757 vrrs
193 2707 335 2756 esterwerds
346 2709 423 2758 called
434 2708 569 2769 Biturigas,
582 2708 683 2756 whence
696 2709 728 2756 its
739 2709 840 2764 modern
851 2725 922 2757 nsrne
933 2709 1054 2774 Bourgss.

159 2780 248 2828 'Anni
257 2789 365 2842 ternpore,
378 2780 396 2828 it
407 2781 481 2841 being
492 2781 517 2828 in
527 2780 568 2829 the
580 2780 655 2840 depth
666 2779 695 2828 os
702 2781 797 2828 winter.
830 2781 877 2829 See
888 2782 929 2830 vii.
942 2785 966 2830 8.

159 2847 263 2900 ‘Petere
270 2867 281 2908 ,·
297 2851 385 2911 supply
393 2853 513 2914 pabulum.

133 2989 139 3012 ί
159 2925 231 2974 ‘Hoc
239 2928 335 2993 spurio,
349 2925 418 2973 these
428 2925 508 2974 words
517 2941 557 2994 urs
567 2926 696 3031 explained
706 2928 740 2996 py
747 2925 814 2978 what
821 2926 932 2986 follows3
945 2934 1052 3002 ncnrcty,

144 2984 209 3034 from
220 2983 262 3032 the
274 2993 386 3044 territory
394 2983 422 3034 ci
429 2984 470 3032 the
482 2983 572 3032 Boron·
583 2991 627 3041 (or
636 2985 696 3032 Bora
705 2997 726 3032 rs
734 2985 776 3032 the
785 3001 853 3034 some
865 3001 892 3036 os
900 2989 1052 3048 terroBoro5

130 3058 172 3094 see
185 3043 217 3091 iii.
229 3045 253 3100 9,
266 3054 322 3091 note
334 3047 367 3099 5),
380 3043 405 3090 in
415 3043 448 3090 sil
459 3043 598 3099 directions,
612 3057 639 3090 cs
650 3043 686 3091 sar
696 3044 743 3100 us‚’
757 3043 805 3092 &c
892 3084 896 3090 .

158 3116 168 3145 ⁸
177 3115 274 3164 Hamus
284 3131 362 3163 rerum
372 3115 447 3163 refers
459 3131 490 3163 nc
501 3115 550 3164 less
561 3124 586 3162 to
597 3115 700 3174 cicicud
711 3118 819 3176 aedificic
829 3117 889 3166 then
899 3128 926 3166 to
933 3122 1052 3181 pabulum.

158 3186 276 3236 'Ne-ne
286 3188 306 3236 is
315 3187 373 3236 here
382 3188 443 3236 used
451 3188 487 3236 for
496 3188 537 3235 the
548 3203 615 3236 more
626 3203 740 3248 common
750 3189 893 3247 expression
901 3199 1052 3242 utrum-on.

130 3258 325 3375 inalssetafrogprf,
337 3259 379 3307 the
394 3275 463 3308 some
479 3274 506 3308 es
517 3262 654 3317 detrectare,
670 3266 710 3309 ‘to
726 3261 797 3310 avoid
807 3275 836 3310 or
846 3261 941 3312 decline
957 3267 1053 3328 serriug
1128 3279 1129 3286 ¹
