2296 3796
446 304 539 348 uena
557 305 589 344 ii.
651 263 654 270 Ι
937 285 977 344 ta

52 433 123 490 quae
141 433 239 470 secum
256 431 336 484 agere
348 429 381 468 ac
391 423 496 484 portus
511 431 561 468 non
574 421 702 484 poterant,
716 412 781 468 citra
793 411 893 466 flumen
907 411 976 468 Rhe·

52 505 118 542 nnin
130 486 263 556 depositis
280 485 429 538 custodiam
441 502 474 538 eir
487 484 543 538 suis
559 501 592 536 ac
604 483 735 554 praesidio
748 499 795 536 seii
808 483 881 536 inilia
893 482 976 536 hoini·

52 576 118 612 num
138 573 194 610 una
213 554 391 624 reliquerunt:
420 555 453 608 lli
472 563 530 624 post
548 570 641 607 eorum
658 553 769 606 obitum¹
782 553 879 606 niultoa
894 567 977 608 annos
1050 604 1052 610 ,

52 627 204 682 atinitiinis
220 624 355 694 exagitati,
367 641 431 677 curu
448 623 517 678 alias
528 623 630 678 bellurn
650 622 782 690 inferrent,
796 623 863 674 alias
876 621 978 676 illatum

52 696 241 762 defenderent,
260 711 390 746 consensu
410 695 513 748 coruin‘
524 694 645 748 ornniurn
662 709 728 762 pace
747 691 825 761 facta,
839 691 910 744 huno
927 693 978 746 sibi

52 764 192 820 dornicilio
204 763 294 818 locutu
306 763 471 831 delegerunt.

87 841 131 889 30.
151 838 194 888 Ac
211 833 297 902 primo
314 833 441 888 aduentu⁸
458 831 593 886 exercitus
611 833 690 886 nostri
707 830 814 884 crebras
832 847 866 884 cii
883 830 979 902 oppido

52 905 229 960 excursiones
247 903 382 956 faciebant
405 902 574 972 parvulisque
595 901 701 970 proeliis
721 917 782 954 curn
805 902 900 954 nostris
918 918 978 954 con·

53 975 218 1030 tendebant:
243 980 338 1042 postea
356 971 425 1024 vallo
448 971 548 1042 pedum
567 988 618 1024 xii.
639 971 666 1024 in
688 971 799 1024 circuitu
823 971 977 1039 quindecim

53 1045 162 1099 miliurn
175 1042 327 1112 crebrisque
340 1041 457 1096 castellis
468 1041 663 1094 circummuniti
675 1041 770 1110 oppido
783 1057 843 1092 sese
862 1041 978 1094 contine·

53 1115 130 1169 baut.
168 1113 221 1166 Ubi
240 1112 323 1164 vineis
340 1111 415 1182 actis,
434 1127 531 1180 aggere
550 1120 683 1164 exstructo
702 1111 793 1164 turrini
811 1111 900 1180 procul
918 1126 979 1163 coii-

54 1185 132 1238 stitui
152 1181 284 1250 viderunt,
303 1181 419 1250 primurn
440 1180 550 1235 irridere
571 1197 603 1234 ex
623 1197 699 1234 inuio
718 1190 799 1249 atque
823 1181 978 1250 increpitare

54 1254 178 1321 vocibus,
191 1251 262 1323 quod
275 1259 348 1304 tauta
364 1251 527 1304 machinatio
545 1249 589 1304 ab⁴
601 1259 672 1303 tanto
690 1252 773 1319 spatio
793 1252 977 1310 instrueretur:

54 1323 231 1393 quibusnem⁸
247 1321 372 1374 inanibus
389 1331 435 1373 aut
453 1321 551 1389 quibus
568 1319 668 1373 viribus
686 1321 841 1388 praesertim
860 1320 986 1378 homines

54 1391 179 1446 tantulae
191 1400 308 1444 staturae
320 1391 394 1460 (narn
412 1390 570 1460 plerumque
586 1389 711 1444 omnibus
722 1388 808 1442 Gallis
826 1405 888 1460 piae
906 1409 984 1464 mag.

55 1461 182 1516 nitudinc
202 1477 341 1530 corporum
364 1476 473 1514 suoinin
496 1459 613 1514 brevitas
635 1467 723 1512 nostru
742 1463 908 1528 contemptui
928 1467 984 1534 esti)

55 1532 126 1586 tanti
138 1531 226 1584 oneris
239 1530 331 1583 turrim
344 1531 369 1582 iri
382 1545 458 1582 muro
470 1547 530 1582 sese
542 1529 671 1582 collucere
682 1527 866 1584 confiderenti
980 1529 981 1534 ’

93 1607 137 1654 31.
156 1599 209 1655 Ubi
225 1616 287 1653 vero
306 1599 406 1652 moveri
423 1608 451 1652 et
468 1599 678 1670 appropinquare
696 1599 838 1654 moenibus
848 1601 983 1672 uiderunt,

56 1688 127 1726 nova
139 1679 221 1740 etque
234 1669 384 1722 inusitatas
436 1669 461 1722 ie
479 1670 606 1722 commoti
624 1669 727 1736 legatos
744 1668 778 1720 ad
791 1670 935 1724 Caeseimu
947 1671 981 1724 de

145 1741 282 1808 miserunt,
299 1740 344 1809 qui
361 1757 379 1792 a
415 1737 485 1792 hunc
502 1738 614 1792 modum
631 1737 726 1791 locuti:
748 1753 800 1792 non
820 1739 983 1794 existimare·

97 1825 193 1864 manos
210 1811 267 1862 sine
279 1825 329 1878 ope
340 1809 431 1862 divine
442 1807 545 1862 bellum
555 1825 656 1877 gerere,
669 1808 714 1877 qui
727 1816 818 1866 tantae
836 1809 986 1864 altitudinis·

55 1879 272 1935 machinationes
289 1887 362 1931 tanta
379 1878 517 1932 celeritate
535 1894 689 1947 promovere
708 1891 866 1949 possent,se
880 1897 985 1950 suaque·

55 1950 149 2004 omnia
169 1965 262 2002 eorum
285 1948 409 2017 potestati
428 1949 583 2018 permittere
604 1947 738 2002 dixerunt.
780 1949 870 2006 Unum
889 1961 985 2022 petere·

56 2037 91 2074 ac
108 2017 247 2088 deprecari
256 2017 273 2070 :¹
297 2017 320 2068 si
339 2017 405 2070 sorte
428 2034 474 2087 pro
493 2033 542 2070 aua
553 2016 697 2072 clementia
713 2023 751 2074 ac
765 2020 979 2090 mansuetudine,

57 2105 143 2160 quam
162 2087 211 2158 ipsi
230 2085 265 2140 ab
284 2087 345 2143 aliis
362 2086 490 2155 audirent,
511 2086 655 2152 statuisset,
670 2086 824 2143 Aduetiions
841 2107 900 2143 esse
920 2107 981 2144 con·

57 2157 212 2226 servandos,
221 2173 260 2209 -ne
272 2173 302 2209 ae
313 2157 395 2210 armis
412 2155 580 2226 despoliaret.
616 2155 671 2211 Sibi
682 2173 780 2213 omncs
788 2158 843 2212 ieie
855 2160 985 2214 finitimos

57 2245 119 2282 esse
139 2227 261 2280 inimicos
275 2243 307 2279 ac
320 2243 384 2280 snae
397 2227 485 2279 virtuti
504 2225 641 2295 invidere;
656 2243 675 2282 a
685 2222 783 2296 quibus
793 2246 823 2282 se
835 2229 984 2284 defendere·
1056 2248 1061 2254 ·’

57 2298 163 2352 traditis
175 2297 258 2349 arinis
269 2313 320 2350 non
329 2304 445 2367 possent.
475 2295 530 2350 Sibi
539 2295 748 2368 praestarentur
761 2313 827 2352 euin
833 2287 927 2352 casum
935 2300 984 2353 de·-

87 2448 195 2498 ¹Ol>itor
214 2447 234 2496 is
250 2447 307 2496 here
323 2447 383 2496 used
394 2447 422 2496 ol
434 2448 475 2497 the
486 2448 636 2498 destriictieii
646 2449 674 2497 ol
685 2448 727 2497 the
740 2449 833 2498 Ginibri
849 2451 895 2500 aud
912 2453 982 2502 Teu.

57 2509 155 2618 ffiffly
167 2507 270 2577 Marius,
280 2507 376 2569 though
387 2508 405 2556 it
417 2508 555 2569 commonly
566 2508 675 2570 si'gnifics
691 2509 732 2559 the
748 2509 821 2558 death
832 2510 860 2558 ol
871 2526 902 2559 aii
918 2512 982 2562 indi*

86 2639 165 2688 ²'l'he
175 2639 242 2688 word
257 2655 335 2688 eorum
352 2638 428 2709 refers
444 2640 506 2708 both
524 2649 554 2690 to
566 2643 599 2698 ti,
617 2641 659 2693 tlte
675 2641 770 2706 subject
786 2639 814 2690 ot*
825 2641 866 2692 the
883 2643 983 2707 leading

58 2699 150 2755 clause,
164 2698 212 2748 and
222 2709 247 2747 to
259 2699 329 2747 those
340 2698 400 2748 witb
411 2699 495 2750 wlioni
504 2699 566 2762 insy-
573 2699 623 2752 aad
632 2703 693 2755 been
704 2713 728 2749 at
740 2715 796 2748 war:

88 2773 230 2831 ³comparo
241 2772 256 2820 i.
266 2775 303 2829 22,
317 2782 373 2820 note
384 2775 406 2821 ³.

87 2845 154 2895 ⁴See
166 2845 234 2904 chap.
242 2849 265 2901 7,
278 2855 334 2894 note
345 2849 365 2893 1.

86 2919 193 2968 “Before
205 2921 344 3026 paduanum
354 2929 420 2989 uiuat
431 2921 462 2989 be
472 2893 620 2991 understood
629 2937 696 2992 scine
708 2923 775 2974 word
785 2913 926 2986 expressing
937 2924 978 2976 tlte

57 2978 209 3101 pppiripppprtet
228 2993 241 3025 e
251 2978 383 3036 Aduatuci,
393 2979 473 3082 ehieh
484 2995 505 3031 is
516 2981 643 3086 contained
654 2998 678 3030 iii
689 2982 729 3030 the
738 2985 878 3043 expression
887 2986 980 3033 undar.

86 3111 224 3180 ‘Nenielu
235 3128 267 3160 ac.
294 3111 371 3162 What
382 3111 442 3162 here
451 3111 557 3170 follows„
565 3113 637 3164 down
647 3124 673 3164 to
680 3125 786 3178 possem,
797 3115 903 3176 depende
914 3131 980 3176 upon
1022 3111 1027 3118 ’

57 3173 98 3222 tlie
114 3170 241 3234 participle
257 3173 337 3228 locuti,
350 3172 397 3220 and
407 3171 481 3220 fornia
497 3173 555 3233 only
565 3172 607 3222 the
623 3174 784 3224 introduction
795 3185 820 3224 to
831 3175 872 3226 tlie
888 3176 980 3244 speech

58 3233 85 3281 of
96 3232 139 3280 tlie
152 3229 332 3299 Aduatuci,rhe
344 3246 401 3282 suni
410 3231 598 3283 noanneane
610 3233 638 3281 of
650 3233 668 3284 it
679 3235 753 3296 being
762 3233 889 3286 contained
900 3235 981 3289 iotha

58 3291 139 3340 words
151 3289 234 3337 which
245 3289 335 3337 follow.
890 3297 893 3303 ·

86 3361 173 3485 'Thpt
184 3361 216 3417 ie,
231 3361 303 3423 ‘they
314 3363 445 3422 requested
456 3362 508 3412 that
520 3363 550 3413 he
559 3337 643 3416 viculo
652 3376 693 3416 not
705 3365 738 3415 do
746 3381 791 3415 cuc
803 3365 889 3432 thing)

517 3451 534 3487 s
