2296 3796
127 337 169 401 54
426 355 467 396 nr
487 354 584 396 anano
605 354 743 396 ornarco.

128 471 343 534 commeatuque,
366 462 412 584 qui
441 479 474 516 cx
503 463 633 535 Sequanis
662 473 689 516 et
712 461 815 517 Aeduis
838 467 1044 532 supportaretur,

128 537 271 592 Caesarem
290 533 485 602 mercatores
524 534 562 588 Ex
581 548 613 586 eo
631 532 674 586 die
693 532 751 586 dies
771 533 908 586 continuos
925 531 1046 602 quinque

128 606 227 660 Caesar
244 601 290 674 prb
308 603 403 656 castris
420 619 482 658 suas
500 603 589 674 copias
607 601 729 672 produxit
741 611 768 654 et
785 603 872 655 aciem
889 602 1047 654 instructam

128 673 229 744 habuit,
243 682 279 743 ut,
292 672 315 724 si
327 672 408 725 vellet
419 671 568 726 Ariovistus
586 672 684 742 proelio
702 673 870 739 contendere,
884 671 909 724 ei
928 677 1048 741 potestas

129 760 180 798 non
193 743 308 797 deesset.
335 742 484 794 Ariovistus
495 741 538 795 his
549 741 673 794 omnibns
684 741 780 795 dicbus
792 741 939 794 exercitum
952 739 1048 793 castris

129 812 264 882 continuit,
275 811 391 881 equestri
404 810 502 882 proelio
513 810 630 880 quotidie
642 811 784 864 contendit.
815 812 907 865 Genus
919 810 978 863 hcc¹
990 818 1048 862 erat

129 898 242 954 pugnae,
255 899 308 951 qno
327 897 356 932 se
374 881 501 934 Germani
519 890 701 934 exercuerant.
738 881 866 950 Equitum
885 880 959 934 inilia
971 885 1047 932 erant

130 969 186 1021 serr,
199 951 309 1004 totidem
321 966 431 1004 numero
443 949 548 1019 pedites
559 948 718 1003 velocissimi
730 967 763 1002 ac
777 949 920 1019 fortissimi,
934 965 1001 1020 quos
1013 963 1048 1002 ex

130 1021 202 1076 omni
222 1021 299 1090 copia
318 1019 415 1088 singuli
435 1019 553 1088 singulos
576 1035 641 1073 suae
665 1018 758 1072 salutis
781 1035 862 1072 causa
880 1019 1047 1086 delegerant.

130 1091 198 1145 Cum
210 1089 254 1144 his
266 1091 292 1143 in
305 1089 413 1160 proeliis
421 1088 600 1158 versabantur,
609 1089 643 1142 ad
656 1105 702 1142 eos
714 1106 743 1142 se
756 1089 860 1158 equites
869 1087 1047 1158 recipiebant:

131 1158 167 1230 hi,
181 1159 278 1230 siquid
297 1168 353 1212 erat
371 1158 481 1226 durius,¹
492 1159 690 1227 concurrebant,
703 1159 725 1210 si
743 1159 789 1228 qni
806 1159 925 1226 graviore
937 1157 1049 1210 vulnere

131 1237 241 1298 accepto
260 1245 329 1298 equo
346 1226 489 1298 deciderat,
503 1228 747 1296 circumsistebant:
767 1228 788 1280 si
801 1245 853 1298 quo
872 1236 927 1282 erat
944 1226 1050 1294 longius

128 1298 315 1370 prodeundum
328 1307 373 1354 aut
385 1298 499 1351 celerius
510 1297 701 1368 recipiendum,
715 1305 787 1350 tante
799 1307 855 1350 erat
867 1298 961 1350 homm
974 1312 1050 1350 exer·

132 1369 255 1422 citatione
267 1368 396 1438 celeritas,
409 1378 438 1422 ut
454 1367 527 1438 jubis
544 1383 673 1437 equorum
691 1365 823 1420 sublevati
838 1366 956 1420 cursum¹
967 1365 1049 1419 adae·

132 1447 251 1508 querant.

167 1513 208 1560 49.
227 1507 280 1562 Ubi
297 1523 361 1560 eum
378 1507 470 1559 cestris
487 1523 516 1560 se
534 1514 625 1558 tencre
637 1505 733 1559 Caesar
745 1505 881 1576 intellexit,
894 1521 929 1558 ne
947 1503 1051 1558 diutius
1147 1552 1148 1559 ,

132 1575 481 1647 commeatuprohiberetur,
489 1575 559 1628 'ultra
570 1592 633 1628 eum
646 1574 742 1644 locum,
752 1592 804 1645 quo
817 1575 843 1628 in
856 1575 913 1628 loco
922 1573 1051 1628 Germani

131 1647 313 1714 consederant,
327 1645 431 1698 circiter
446 1661 540 1714 passus
558 1655 697 1698 sexcentos
708 1644 743 1698 ab
755 1644 804 1715 his,
818 1645 911 1700 castris
923 1643 1050 1698 idoneum

132 1712 218 1769 locum
238 1715 337 1784 delegit
355 1715 467 1784 acieque
485 1714 580 1793 triplici
598 1715 726 1768 instructa
739 1715 773 1767 ad
789 1731 851 1768 eum
864 1715 954 1768 locum
965 1715 1049 1767 veuit.

132 1785 249 1840 Primam
273 1793 300 1836 et
323 1783 469 1836 secundam
488 1799 576 1836 acrem
599 1784 625 1838 in
646 1785 726 1837 armis
747 1801 814 1853 esse,
835 1785 942 1838 tertiam
962 1791 1050 1836 castra

130 1855 237 1910 munire
253 1853 339 1923 jussit.
376 1853 426 1904 Hic
443 1851 516 1905 locus
533 1854 568 1906 ab
586 1852 661 1906 hoste
679 1853 782 1906 circiter
794 1871 888 1924 passus
900 1861 1049 1922 sexcentos,

131 1924 171 1977 uti
183 1922 284 1976 dictum
297 1930 345 1990 est,
354 1921 454 1974 aberat.
491 1921 530 1976 Eo
541 1923 646 1975 circiter
657 1922 795 1977 hominurn
808 1939 918 1978 numero
930 1922 1051 1977 sedecim

131 1991 206 2046 milia
229 1991 354 2060 expedita
376 2007 439 2045 cum
461 1992 533 2044 omni
563 1991 680 2062 equitatu
705 1992 852 2046 Ariovistus
874 1993 954 2063 misit,
979 2009 1050 2072 quae

132 2061 225 2130 copiae
238 2069 339 2114 nostros
351 2068 524 2130 perterrerent
542 2069 569 2112 et
586 2062 732 2114 munitione
748 2062 923 2132 prohiberent.
959 2061 1051 2116 Nihilo

132 2131 221 2184 secius
232 2129 336 2198 Caesar,
349 2139 451 2182 utente
464 2130 641 2198 constituerat,
654 2131 722 2184 duur
739 2131 812 2184 acies
830 2132 934 2184 hostem
947 2130 1050 2202 propul-

132 2215 198 2269 sare,
213 2199 318 2252 tertiam
336 2216 402 2269 opus
419 2199 546 2269 perficere
564 2197 650 2269 jussit.
686 2201 799 2254 Munitis
818 2203 911 2253 castris
928 2202 996 2255 duas
1012 2200 1051 2256 ibt

132 2267 252 2338 legiones
273 2269 378 2338 reliquit
398 2278 425 2322 et
447 2280 551 2340 partem
570 2269 735 2340 auxiliomm,
757 2279 867 2340 quatuor
887 2269 1003 2340 reliquas
1022 2271 1049 2324 in

132 2346 219 2392 castra
230 2338 331 2408 majore
344 2337 454 2392 reduxit.

167 2412 208 2461 50.
233 2409 354 2462 Proximo
379 2407 422 2462 die
445 2409 562 2461 instituto
586 2409 641 2461 suo‘
660 2408 758 2461 Caesar
777 2426 793 2461 e
813 2409 906 2462 castris
929 2410 1049 2478 utrisque

132 2479 223 2557 copias
241 2495 303 2530 suas
320 2478 410 2531 eduxit
428 2477 588 2548 paulumque
600 2494 616 2530 a
627 2477 773 2548 majoribus
789 2479 883 2532 castris
896 2493 1050 2548 progressus

131 2563 220 2600 acrem
232 2547 367 2617 instruxit,
386 2547 506 2600 hostibus
516 2547 650 2617 pugnandi
667 2556 828 2618 potestatem
840 2549 911 2601 lecit.
948 2547 1000 2616 Ubi
1013 2565 1048 2601 ne

133 2623 190 2669 tum
202 2615 311 2686 quidem
319 2633 366 2680 eos
377 2617 480 2686 prodire
493 2616 630 2686 intellexit,
640 2617 744 2670 circiter
751 2617 892 2670 meridiem
901 2618 1049 2672 exercitum

132 2684 159 2738 in
179 2694 267 2739 castra
287 2685 398 2739 reduxit.
434 2687 505 2738 'l'urn
524 2686 635 2740 demum
652 2687 799 2740 Ariovistus
817 2696 922 2757 partem
941 2703 1049 2740 suarum

131 2754 275 2824 copiarum,
296 2771 364 2824 quae
390 2764 476 2807 castra
504 2756 607 2808 minora
634 2765 805 2826 oppugnaret,
825 2757 907 2810 misit.
944 2757 1049 2810 Acriter

131 2823 264 2892 utrimque
286 2839 370 2892 usque
394 2823 427 2875 ad
447 2840 590 2892 vesperum
613 2835 757 2894 pugnatum
780 2834 830 2878 est.
866 2825 932 2880 Solis
952 2843 1050 2880 occasu

132 2907 195 2946 sues
212 2892 301 2962 copias
313 2892 460 2946 Ariovistus
477 2893 569 2946 multis
587 2902 613 2946 et
632 2894 711 2948 illatis
723 2904 749 2948 et
764 2895 883 2964 acceptis
895 2895 1049 2950 vulneribus

162 3084 170 3114 ¹
179 3081 232 3130 Hoc
242 3080 317 3130 relers
327 3090 352 3128 to
362 3081 404 3130 the
416 3081 563 3140 description
573 3082 652 3131 which
663 3083 766 3133 follows.

132 3154 245 3261 u'Lllrlbat
257 3154 286 3211 is,
299 3152 320 3202 if
333 3163 357 3202 at
372 3147 418 3214 any
429 3153 557 3232 particular
571 3155 638 3215 point
654 3155 695 3205 the
711 3157 801 3219 danger
811 3173 862 3208 eras
878 3167 974 3222 menter
989 3158 1050 3210 then

161 3283 297 3342 ’Cursum
314 3284 420 3344 namely,
433 3301 550 3345 eqoomar.

161 3357 172 3388 ⁴
182 3356 330 3422 ‘According
340 3369 366 3406 to
376 3357 414 3407 his
424 3357 496 3420 plan!
