<?xml version="1.0" encoding="UTF-8"?>
<!DOCTYPE html PUBLIC "-//W3C//DTD XHTML 1.0 Transitional//EN"
    "http://www.w3.org/TR/xhtml1/DTD/xhtml1-transitional.dtd">
<html xmlns="http://www.w3.org/1999/xhtml" xml:lang="en" lang="en">
 <head>
  <title>
</title>
<meta http-equiv="Content-Type" content="text/html;charset=utf-8" />
  <meta name='ocr-system' content='tesseract 3.04.00' />
  <meta name='ocr-capabilities' content='ocr_page ocr_carea ocr_par ocr_line ocrx_word'/>
</head>
<body>
  <div class='ocr_page' id='page_1' title='image "./cjuliicaesarisc00zumpgoog_0145.png"; bbox 0 0 2272 3786; ppageno 0'>
   <div class='ocr_carea' id='block_1_1' title="bbox 146 279 756 342">
    <p class='ocr_par' dir='ltr' id='par_1_1' title="bbox 146 279 756 342">
     <span class='ocr_line' id='line_1_1' title="bbox 146 279 756 342; baseline -0.002 0"><span class='ocrx_word' id='word_1_1' title='bbox 146 279 202 342; x_wconf 76' lang='lat'>18⁰</span> <span class='ocrx_word' id='word_1_2' title='bbox 443 299 483 338; x_wconf 81' lang='lat' dir='ltr'>us</span> <span class='ocrx_word' id='word_1_3' title='bbox 504 297 601 340; x_wconf 71' lang='lat' dir='ltr'>seruo</span> <span class='ocrx_word' id='word_1_4' title='bbox 622 297 756 342; x_wconf 81' lang='lat' dir='ltr'>esuurcc.</span> 
     </span>
    </p>
   </div>
   <div class='ocr_carea' id='block_1_2' title="bbox 140 407 1122 2152">
    <p class='ocr_par' dir='ltr' id='par_1_2' title="bbox 142 407 1122 1365">
     <span class='ocr_line' id='line_1_2' title="bbox 142 407 1060 477; baseline 0.001 -15"><span class='ocrx_word' id='word_1_5' title='bbox 142 408 258 477; x_wconf 80' lang='lat' dir='ltr'>edesset,</span> <span class='ocrx_word' id='word_1_6' title='bbox 268 415 341 462; x_wconf 75' lang='lat' dir='ltr'>tants</span> <span class='ocrx_word' id='word_1_7' title='bbox 351 423 414 462; x_wconf 86' lang='lat' dir='ltr'>oum</span> <span class='ocrx_word' id='word_1_8' title='bbox 426 410 605 462; x_wconf 85' lang='lat' dir='ltr'>contemtione</span> <span class='ocrx_word' id='word_1_9' title='bbox 616 407 696 462; x_wconf 82' lang='lat' dir='ltr'>nostri</span> <span class='ocrx_word' id='word_1_10' title='bbox 707 407 742 462; x_wconf 87' lang='lat' dir='ltr'>sd</span> <span class='ocrx_word' id='word_1_11' title='bbox 754 415 841 462; x_wconf 80' lang='lat' dir='ltr'>osstre</span> <span class='ocrx_word' id='word_1_12' title='bbox 848 418 975 463; x_wconf 76' lang='lat' dir='ltr'>venturos</span> <span class='ocrx_word' id='word_1_13' title='bbox 986 425 1060 463; x_wconf 88' lang='lat' dir='ltr'>esse:</span> 
     </span>
     <span class='ocr_line' id='line_1_3' title="bbox 143 477 1062 548; baseline 0 -16"><span class='ocrx_word' id='word_1_14' title='bbox 143 495 194 532; x_wconf 91' lang='lat' dir='ltr'>non</span> <span class='ocrx_word' id='word_1_15' title='bbox 213 478 319 532; x_wconf 77' lang='lat' dir='ltr'><strong>hostem</strong></span> <span class='ocrx_word' id='word_1_16' title='bbox 335 487 479 547; x_wconf 74' lang='lat' dir='ltr'>auctorem,</span> <span class='ocrx_word' id='word_1_17' title='bbox 493 477 541 532; x_wconf 90' lang='lat' dir='ltr'>sed</span> <span class='ocrx_word' id='word_1_18' title='bbox 560 495 616 532; x_wconf 83' lang='lat' dir='ltr'>rem</span> <span class='ocrx_word' id='word_1_19' title='bbox 635 489 771 548; x_wconf 81' lang='lat' dir='ltr'>spectere3</span> <span class='ocrx_word' id='word_1_20' title='bbox 790 479 902 532; x_wconf 85' lang='lat' dir='ltr'>subesse</span> <span class='ocrx_word' id='word_1_21' title='bbox 920 479 1062 547; x_wconf 66' lang='lat' dir='ltr'>Rhenum</span> 
     </span>
     <span class='ocr_line' id='line_1_4' title="bbox 142 547 1063 618; baseline 0 -16"><span class='ocrx_word' id='word_1_22' title='bbox 142 564 242 616; x_wconf 74' lang='lat' dir='ltr'>magno</span> <span class='ocrx_word' id='word_1_23' title='bbox 257 563 317 602; x_wconf 88' lang='lat' dir='ltr'>esee</span> <span class='ocrx_word' id='word_1_24' title='bbox 335 548 475 601; x_wconf 82' lang='lat' dir='ltr'>Gemrsnis</span> <span class='ocrx_word' id='word_1_25' title='bbox 493 548 573 602; x_wconf 92' lang='lat' dir='ltr'>dolori</span> <span class='ocrx_word' id='word_1_26' title='bbox 585 547 716 601; x_wconf 81' lang='lat' dir='ltr'>¹Ariovisti</span> <span class='ocrx_word' id='word_1_27' title='bbox 733 551 855 603; x_wconf 87' lang='lat' dir='ltr'>mortem¹</span> <span class='ocrx_word' id='word_1_28' title='bbox 867 557 894 602; x_wconf 89' lang='lat' dir='ltr'>et</span> <span class='ocrx_word' id='word_1_29' title='bbox 912 549 1063 618; x_wconf 76' lang='lat' dir='ltr'>superiores</span> 
     </span>
     <span class='ocr_line' id='line_1_5' title="bbox 143 617 1063 688; baseline -0.002 -16"><span class='ocrx_word' id='word_1_30' title='bbox 143 629 246 672; x_wconf 83' lang='lat' dir='ltr'>nostras</span> <span class='ocrx_word' id='word_1_31' title='bbox 269 618 404 671; x_wconf 82' lang='lat' dir='ltr'>victorias:</span> <span class='ocrx_word' id='word_1_32' title='bbox 429 617 522 670; x_wconf 83' lang='lat' dir='ltr'>erdere</span> <span class='ocrx_word' id='word_1_33' title='bbox 545 617 668 686; x_wconf 80' lang='lat' dir='ltr'><strong>Galliam,</strong></span> <span class='ocrx_word' id='word_1_34' title='bbox 690 627 727 671; x_wconf 82' lang='lat' dir='ltr'>tot</span> <span class='ocrx_word' id='word_1_35' title='bbox 751 619 920 672; x_wconf 86' lang='lat' dir='ltr'>contumeliis</span> <span class='ocrx_word' id='word_1_36' title='bbox 943 619 1063 688; x_wconf 84' lang='lat' dir='ltr'>acceptis</span> 
     </span>
     <span class='ocr_line' id='line_1_6' title="bbox 144 686 1061 766; baseline 0 -26"><span class='ocrx_word' id='word_1_37' title='bbox 144 686 193 740; x_wconf 86' lang='lat' dir='ltr'>sub</span> <span class='ocrx_word' id='word_1_38' title='bbox 211 687 299 766; x_wconf 88' lang='lat' dir='ltr'>populi</span> <span class='ocrx_word' id='word_1_39' title='bbox 318 687 428 740; x_wconf 76' lang='lat' dir='ltr'>Romani</span> <span class='ocrx_word' id='word_1_40' title='bbox 447 687 589 756; x_wconf 86' lang='lat' dir='ltr'>imperium</span> <span class='ocrx_word' id='word_1_41' title='bbox 608 687 762 756; x_wconf 83' lang='lat' dir='ltr'>redactam‚¹</span> <span class='ocrx_word' id='word_1_42' title='bbox 772 689 907 757; x_wconf 90' lang='lat' dir='ltr'>superiore</span> <span class='ocrx_word' id='word_1_43' title='bbox 925 688 1011 756; x_wconf 81' lang='lat' dir='ltr'>glorie</span> <span class='ocrx_word' id='word_1_44' title='bbox 1025 688 1061 740; x_wconf 89' lang='lat' dir='ltr'>rei</span> 
     </span>
     <span class='ocr_line' id='line_1_7' title="bbox 143 755 1062 828; baseline -0.001 -18"><span class='ocrx_word' id='word_1_45' title='bbox 143 755 266 810; x_wconf 79' lang='lat' dir='ltr'>militaus</span> <span class='ocrx_word' id='word_1_46' title='bbox 277 757 416 809; x_wconf 84' lang='lat' dir='ltr'>exstincte.</span> <span class='ocrx_word' id='word_1_47' title='bbox 453 757 596 825; x_wconf 85' lang='lat' dir='ltr'>Postremo,</span> <span class='ocrx_word' id='word_1_48' title='bbox 609 757 670 825; x_wconf 87' lang='lat' dir='ltr'>quis</span> <span class='ocrx_word' id='word_1_49' title='bbox 681 757 732 810; x_wconf 87' lang='lat' dir='ltr'>hoo</span> <span class='ocrx_word' id='word_1_50' title='bbox 744 757 794 810; x_wconf 85' lang='lat' dir='ltr'>sibi</span> <span class='ocrx_word' id='word_1_51' title='bbox 808 758 990 828; x_wconf 79' lang='lat' dir='ltr'>persuaderet,</span> <span class='ocrx_word' id='word_1_52' title='bbox 1005 759 1062 810; x_wconf 87' lang='lat' dir='ltr'>sine</span> 
     </span>
     <span class='ocr_line' id='line_1_8' title="bbox 143 825 1062 906; baseline 0 -28"><span class='ocrx_word' id='word_1_53' title='bbox 143 833 216 878; x_wconf 85' lang='lat' dir='ltr'>certa</span> <span class='ocrx_word' id='word_1_54' title='bbox 234 827 271 879; x_wconf 82' lang='lat' dir='ltr'>re¹</span> <span class='ocrx_word' id='word_1_55' title='bbox 291 825 474 906; x_wconf 78' lang='lat' dir='ltr'>Ambiorigem</span> <span class='ocrx_word' id='word_1_56' title='bbox 493 826 527 878; x_wconf 82' lang='lat' dir='ltr'>ed</span> <span class='ocrx_word' id='word_1_57' title='bbox 549 825 680 897; x_wconf 82' lang='lat' dir='ltr'>ejusmodi</span> <span class='ocrx_word' id='word_1_58' title='bbox 704 827 843 880; x_wconf 89' lang='lat' dir='ltr'>consilium</span> <span class='ocrx_word' id='word_1_59' title='bbox 863 827 1062 880; x_wconf 70' lang='lat' dir='ltr'>descendisset</span> 
     </span>
     <span class='ocr_line' id='line_1_9' title="bbox 143 895 1122 964; baseline -0.001 -15"><span class='ocrx_word' id='word_1_60' title='bbox 143 895 225 950; x_wconf 80' lang='lat' dir='ltr'>Suam</span> <span class='ocrx_word' id='word_1_61' title='bbox 237 897 396 948; x_wconf 78' lang='lat' dir='ltr'>sententiam</span> <span class='ocrx_word' id='word_1_62' title='bbox 416 913 442 948; x_wconf 91' lang='lat' dir='ltr'>rn</span> <span class='ocrx_word' id='word_1_63' title='bbox 461 906 600 964; x_wconf 85' lang='lat' dir='ltr'>utramque</span> <span class='ocrx_word' id='word_1_64' title='bbox 619 905 719 964; x_wconf 80' lang='lat' dir='ltr'>partem</span> <span class='ocrx_word' id='word_1_65' title='bbox 739 913 800 948; x_wconf 87' lang='lat' dir='ltr'>esse</span> <span class='ocrx_word' id='word_1_66' title='bbox 819 905 921 950; x_wconf 84' lang='lat' dir='ltr'>tutum:</span> <span class='ocrx_word' id='word_1_67' title='bbox 942 897 964 948; x_wconf 90' lang='lat' dir='ltr'>si</span> <span class='ocrx_word' id='word_1_68' title='bbox 979 895 1017 948; x_wconf 92' lang='lat' dir='ltr'>nil</span> <span class='ocrx_word' id='word_1_69' title='bbox 1030 896 1061 948; x_wconf 90' lang='lat' dir='ltr'>sit</span> <span class='ocrx_word' id='word_1_70' title='bbox 1121 931 1122 934; x_wconf 57' lang='lat'><em>=</em></span> 
     </span>
     <span class='ocr_line' id='line_1_10' title="bbox 143 965 1062 1036; baseline 0 -18"><span class='ocrx_word' id='word_1_71' title='bbox 143 965 252 1034; x_wconf 87' lang='lat' dir='ltr'>durius‚⁴</span> <span class='ocrx_word' id='word_1_72' title='bbox 264 965 334 1018; x_wconf 91' lang='lat' dir='ltr'>nullo</span> <span class='ocrx_word' id='word_1_73' title='bbox 347 965 466 1036; x_wconf 91' lang='lat' dir='ltr'>periculo</span> <span class='ocrx_word' id='word_1_74' title='bbox 477 965 511 1018; x_wconf 79' lang='lat' dir='ltr'>sd</span> <span class='ocrx_word' id='word_1_75' title='bbox 524 967 672 1035; x_wconf 82' lang='lat' dir='ltr'>proximam</span> <span class='ocrx_word' id='word_1_76' title='bbox 685 965 816 1034; x_wconf 80' lang='lat' dir='ltr'>legionem</span> <span class='ocrx_word' id='word_1_77' title='bbox 828 974 1023 1036; x_wconf 74' lang='lat' dir='ltr'>perventuros3</span> <span class='ocrx_word' id='word_1_78' title='bbox 1041 966 1062 1018; x_wconf 94' lang='lat' dir='ltr'>si</span> 
     </span>
     <span class='ocr_line' id='line_1_11' title="bbox 143 1035 1062 1099; baseline 0.001 -12"><span class='ocrx_word' id='word_1_79' title='bbox 143 1035 230 1088; x_wconf 85' lang='lat' dir='ltr'>Gallia</span> <span class='ocrx_word' id='word_1_80' title='bbox 247 1036 333 1088; x_wconf 88' lang='lat' dir='ltr'>omnis</span> <span class='ocrx_word' id='word_1_81' title='bbox 350 1051 413 1088; x_wconf 90' lang='lat' dir='ltr'>curn</span> <span class='ocrx_word' id='word_1_82' title='bbox 430 1035 572 1088; x_wconf 80' lang='lat' dir='ltr'>Germanis</span> <span class='ocrx_word' id='word_1_83' title='bbox 589 1037 742 1099; x_wconf 75' lang='lat' dir='ltr'>consentiat,</span> <span class='ocrx_word' id='word_1_84' title='bbox 756 1053 838 1088; x_wconf 80' lang='lat' dir='ltr'>unum</span> <span class='ocrx_word' id='word_1_85' title='bbox 855 1051 916 1088; x_wconf 87' lang='lat' dir='ltr'>esee</span> <span class='ocrx_word' id='word_1_86' title='bbox 929 1036 954 1087; x_wconf 92' lang='lat' dir='ltr'>iu</span> <span class='ocrx_word' id='word_1_87' title='bbox 969 1035 1062 1089; x_wconf 89' lang='lat' dir='ltr'>celeri·</span> 
     </span>
     <span class='ocr_line' id='line_1_12' title="bbox 144 1105 1062 1174; baseline 0 -16"><span class='ocrx_word' id='word_1_88' title='bbox 144 1114 198 1158; x_wconf 84' lang='lat' dir='ltr'>tete</span> <span class='ocrx_word' id='word_1_89' title='bbox 211 1105 324 1173; x_wconf 81' lang='lat' dir='ltr'>positum</span> <span class='ocrx_word' id='word_1_90' title='bbox 336 1105 459 1158; x_wconf 85' lang='lat' dir='ltr'>salutem.</span> <span class='ocrx_word' id='word_1_91' title='bbox 495 1105 588 1158; x_wconf 86' lang='lat' dir='ltr'>Cottae</span> <span class='ocrx_word' id='word_1_92' title='bbox 606 1105 715 1174; x_wconf 87' lang='lat' dir='ltr'>quidem</span> <span class='ocrx_word' id='word_1_93' title='bbox 734 1114 813 1173; x_wconf 84' lang='lat' dir='ltr'>atque</span> <span class='ocrx_word' id='word_1_94' title='bbox 831 1121 932 1174; x_wconf 87' lang='lat' dir='ltr'>eorum,</span> <span class='ocrx_word' id='word_1_95' title='bbox 945 1105 994 1174; x_wconf 87' lang='lat' dir='ltr'>qui</span> <span class='ocrx_word' id='word_1_96' title='bbox 1011 1105 1062 1158; x_wconf 87' lang='lat' dir='ltr'>dis·</span> 
     </span>
     <span class='ocr_line' id='line_1_13' title="bbox 144 1174 1060 1244; baseline 0 -16"><span class='ocrx_word' id='word_1_97' title='bbox 144 1175 279 1242; x_wconf 78' lang='lat' dir='ltr'>sentirent,</span> <span class='ocrx_word' id='word_1_98' title='bbox 296 1174 434 1228; x_wconf 87' lang='lat' dir='ltr'>consilium</span> <span class='ocrx_word' id='word_1_99' title='bbox 454 1191 536 1243; x_wconf 89' lang='lat' dir='ltr'>quem</span> <span class='ocrx_word' id='word_1_100' title='bbox 555 1174 665 1228; x_wconf 83' lang='lat' dir='ltr'>haberet</span> <span class='ocrx_word' id='word_1_101' title='bbox 685 1175 808 1228; x_wconf 62' lang='lat' dir='ltr'>exitum?</span> <span class='ocrx_word' id='word_1_102' title='bbox 843 1175 872 1226; x_wconf 93' lang='lat' dir='ltr'>In</span> <span class='ocrx_word' id='word_1_103' title='bbox 893 1191 946 1244; x_wconf 90' lang='lat' dir='ltr'>quo</span> <span class='ocrx_word' id='word_1_104' title='bbox 968 1177 991 1228; x_wconf 93' lang='lat' dir='ltr'>si</span> <span class='ocrx_word' id='word_1_105' title='bbox 1012 1191 1060 1228; x_wconf 87' lang='lat' dir='ltr'>non</span> 
     </span>
     <span class='ocr_line' id='line_1_14' title="bbox 142 1243 1062 1365; baseline 0.001 -69"><span class='ocrx_word' id='word_1_106' title='bbox 142 1259 269 1315; x_wconf 81' lang='lat' dir='ltr'>praesens</span> <span class='ocrx_word' id='word_1_107' title='bbox 280 1245 436 1365; x_wconf 52' lang='lat' dir='ltr'>pergenium,</span> <span class='ocrx_word' id='word_1_108' title='bbox 448 1255 475 1296; x_wconf 83' lang='lat' dir='ltr'>ut</span> <span class='ocrx_word' id='word_1_109' title='bbox 488 1252 560 1297; x_wconf 86' lang='lat' dir='ltr'>certe</span> <span class='ocrx_word' id='word_1_110' title='bbox 572 1243 715 1314; x_wconf 82' lang='lat' dir='ltr'>longinqua</span> <span class='ocrx_word' id='word_1_111' title='bbox 726 1243 863 1298; x_wconf 85' lang='lat' dir='ltr'>obsidione</span> <span class='ocrx_word' id='word_1_112' title='bbox 881 1244 972 1297; x_wconf 82' lang='lat' dir='ltr'>fernes</span> <span class='ocrx_word' id='word_1_113' title='bbox 991 1255 1062 1297; x_wconf 85' lang='lat' dir='ltr'>esset</span> 
     </span>
    </p>

    <p class='ocr_par' dir='ltr' id='par_1_3' title="bbox 141 1314 1063 2009">
     <span class='ocr_line' id='line_1_15' title="bbox 179 1314 726 1367; baseline 0 -1"><span class='ocrx_word' id='word_1_114' title='bbox 179 1314 318 1367; x_wconf 85' lang='lat' dir='ltr'>rtimescen</span> <span class='ocrx_word' id='word_1_115' title='bbox 339 1332 363 1366; x_wconf 85' lang='lat' dir='ltr'>u.</span> <span class='ocrx_word' id='word_1_116' title='bbox 724 1328 726 1337; x_wconf 66' lang='lat'><strong>⁴</strong></span> 
     </span>
     <span class='ocr_line' id='line_1_16' title="bbox 143 1330 1062 1454; baseline 0.002 -19"><span class='ocrx_word' id='word_1_117' title='bbox 143 1330 219 1436; x_wconf 66' lang='lat' dir='ltr'>pedo.</span> <span class='ocrx_word' id='word_1_118' title='bbox 245 1383 302 1436; x_wconf 80' lang='lat' dir='ltr'>Huc</span> <span class='ocrx_word' id='word_1_119' title='bbox 325 1385 351 1437; x_wconf 90' lang='lat' dir='ltr'>iu</span> <span class='ocrx_word' id='word_1_120' title='bbox 376 1393 516 1454; x_wconf 83' lang='lat' dir='ltr'>utramque</span> <span class='ocrx_word' id='word_1_121' title='bbox 572 1392 638 1436; x_wconf 89' lang='lat' dir='ltr'>rteru</span> <span class='ocrx_word' id='word_1_122' title='bbox 660 1383 836 1452; x_wconf 77' lang='lat' dir='ltr'>disputatione</span> <span class='ocrx_word' id='word_1_123' title='bbox 856 1382 957 1450; x_wconf 73' lang='lat' dir='ltr'>habite,</span> <span class='ocrx_word' id='word_1_124' title='bbox 979 1401 1062 1454; x_wconf 89' lang='lat' dir='ltr'>quum</span> 
     </span>
     <span class='ocr_line' id='line_1_17' title="bbox 143 1400 1063 1524; baseline -0.002 -16"><span class='ocrx_word' id='word_1_125' title='bbox 143 1471 160 1508; x_wconf 80' lang='lat' dir='ltr'>e</span> <span class='ocrx_word' id='word_1_126' title='bbox 183 1454 258 1507; x_wconf 81' lang='lat' dir='ltr'>Cotto</span> <span class='ocrx_word' id='word_1_127' title='bbox 281 1454 426 1524; x_wconf 88' lang='lat' dir='ltr'>primisque</span> <span class='ocrx_word' id='word_1_128' title='bbox 449 1400 595 1506; x_wconf 63' lang='lat' dir='ltr'>ordiuidlls&#39;</span> <span class='ocrx_word' id='word_1_129' title='bbox 616 1454 713 1506; x_wconf 78' lang='lat' dir='ltr'>acriter</span> <span class='ocrx_word' id='word_1_130' title='bbox 746 1453 918 1521; x_wconf 85' lang='lat' dir='ltr'>resisteretur,</span> <span class='ocrx_word' id='word_1_131' title='bbox 945 1453 1063 1522; x_wconf 79' lang='lat' dir='ltr'>vincite‚⁶</span> 
     </span>
     <span class='ocr_line' id='line_1_18' title="bbox 143 1522 1062 1594; baseline -0.003 -16"><span class='ocrx_word' id='word_1_132' title='bbox 143 1524 235 1594; x_wconf 85' lang='lat' dir='ltr'>iuquit,</span> <span class='ocrx_word' id='word_1_133' title='bbox 255 1524 277 1576; x_wconf 90' lang='lat' dir='ltr'>si</span> <span class='ocrx_word' id='word_1_134' title='bbox 298 1525 333 1576; x_wconf 83' lang='lat' dir='ltr'>ite</span> <span class='ocrx_word' id='word_1_135' title='bbox 353 1525 439 1592; x_wconf 83' lang='lat' dir='ltr'>vultis,</span> <span class='ocrx_word' id='word_1_136' title='bbox 459 1523 578 1591; x_wconf 73' lang='lat' dir='ltr'>Sabinus,</span> <span class='ocrx_word' id='word_1_137' title='bbox 599 1533 625 1575; x_wconf 88' lang='lat' dir='ltr'>et</span> <span class='ocrx_word' id='word_1_138' title='bbox 646 1522 672 1576; x_wconf 93' lang='lat' dir='ltr'>id</span> <span class='ocrx_word' id='word_1_139' title='bbox 692 1522 801 1576; x_wconf 83' lang='lat' dir='ltr'>cariore</span> <span class='ocrx_word' id='word_1_140' title='bbox 819 1539 895 1594; x_wconf 86' lang='lat' dir='ltr'>voce,</span> <span class='ocrx_word' id='word_1_141' title='bbox 906 1531 937 1574; x_wconf 90' lang='lat' dir='ltr'>ut</span> <span class='ocrx_word' id='word_1_142' title='bbox 965 1540 1062 1592; x_wconf 86' lang='lat' dir='ltr'>megna</span> 
     </span>
     <span class='ocr_line' id='line_1_19' title="bbox 142 1592 1062 1665; baseline 0 -19"><span class='ocrx_word' id='word_1_143' title='bbox 142 1611 204 1665; x_wconf 89' lang='lat' dir='ltr'>pers</span> <span class='ocrx_word' id='word_1_144' title='bbox 215 1593 329 1647; x_wconf 89' lang='lat' dir='ltr'>militum</span> <span class='ocrx_word' id='word_1_145' title='bbox 342 1593 494 1646; x_wconf 81' lang='lat' dir='ltr'>exaudiret:</span> <span class='ocrx_word' id='word_1_146' title='bbox 513 1609 601 1662; x_wconf 90' lang='lat' dir='ltr'>neque</span> <span class='ocrx_word' id='word_1_147' title='bbox 616 1593 638 1645; x_wconf 91' lang='lat' dir='ltr'>is</span> <span class='ocrx_word' id='word_1_148' title='bbox 653 1609 721 1662; x_wconf 89' lang='lat' dir='ltr'>sum,</span> <span class='ocrx_word' id='word_1_149' title='bbox 735 1592 827 1661; x_wconf 89' lang='lat' dir='ltr'>iuquit,</span> <span class='ocrx_word' id='word_1_150' title='bbox 840 1593 886 1661; x_wconf 90' lang='lat' dir='ltr'>qui</span> <span class='ocrx_word' id='word_1_151' title='bbox 902 1593 1062 1660; x_wconf 75' lang='lat' dir='ltr'>gravissime</span> 
     </span>
     <span class='ocr_line' id='line_1_20' title="bbox 142 1661 1062 1742; baseline -0.001 -25"><span class='ocrx_word' id='word_1_152' title='bbox 142 1680 177 1718; x_wconf 82' lang='lat' dir='ltr'>ex</span> <span class='ocrx_word' id='word_1_153' title='bbox 189 1664 263 1718; x_wconf 83' lang='lat' dir='ltr'>vobis</span> <span class='ocrx_word' id='word_1_154' title='bbox 274 1664 366 1717; x_wconf 86' lang='lat' dir='ltr'>mortis</span> <span class='ocrx_word' id='word_1_155' title='bbox 377 1661 494 1732; x_wconf 86' lang='lat' dir='ltr'>periculo</span> <span class='ocrx_word' id='word_1_156' title='bbox 506 1663 627 1715; x_wconf 83' lang='lat' dir='ltr'>terreor:⁷</span> <span class='ocrx_word' id='word_1_157' title='bbox 638 1661 665 1715; x_wconf 92' lang='lat' dir='ltr'>hi</span> <span class='ocrx_word' id='word_1_158' title='bbox 679 1663 790 1742; x_wconf 75' lang='lat' dir='ltr'>sapient,</span> <span class='ocrx_word' id='word_1_159' title='bbox 804 1670 829 1714; x_wconf 90' lang='lat' dir='ltr'>et</span> <span class='ocrx_word' id='word_1_160' title='bbox 842 1662 864 1714; x_wconf 85' lang='lat' dir='ltr'>si</span> <span class='ocrx_word' id='word_1_161' title='bbox 875 1663 987 1730; x_wconf 82' lang='lat' dir='ltr'>gravius</span> <span class='ocrx_word' id='word_1_162' title='bbox 999 1661 1062 1734; x_wconf 92' lang='lat' dir='ltr'>quid</span> 
     </span>
     <span class='ocr_line' id='line_1_21' title="bbox 141 1731 1061 1802; baseline -0.004 -14"><span class='ocrx_word' id='word_1_163' title='bbox 141 1733 344 1802; x_wconf 63' lang='lat' dir='ltr'>muldeinans</span> <span class='ocrx_word' id='word_1_164' title='bbox 367 1741 394 1784; x_wconf 90' lang='lat' dir='ltr'>te</span> <span class='ocrx_word' id='word_1_165' title='bbox 415 1731 541 1786; x_wconf 80' lang='lat' dir='ltr'>rationem</span> <span class='ocrx_word' id='word_1_166' title='bbox 564 1749 591 1784; x_wconf 89' lang='lat' dir='ltr'>re</span> <span class='ocrx_word' id='word_1_167' title='bbox 627 1740 717 1784; x_wconf 73' lang='lat' dir='ltr'>scente</span> <span class='ocrx_word' id='word_1_168' title='bbox 742 1748 796 1800; x_wconf 90' lang='lat' dir='ltr'>qur,</span> <span class='ocrx_word' id='word_1_169' title='bbox 816 1731 838 1784; x_wconf 94' lang='lat' dir='ltr'>si</span> <span class='ocrx_word' id='word_1_170' title='bbox 858 1749 905 1800; x_wconf 92' lang='lat' dir='ltr'>per</span> <span class='ocrx_word' id='word_1_171' title='bbox 925 1743 954 1784; x_wconf 86' lang='lat' dir='ltr'>te</span> <span class='ocrx_word' id='word_1_172' title='bbox 975 1733 1061 1800; x_wconf 78' lang='lat' dir='ltr'>liceat,</span> 
     </span>
     <span class='ocr_line' id='line_1_22' title="bbox 142 1801 1062 1873; baseline 0 -17"><span class='ocrx_word' id='word_1_173' title='bbox 142 1802 286 1873; x_wconf 86' lang='lat' dir='ltr'>perendino</span> <span class='ocrx_word' id='word_1_174' title='bbox 304 1803 347 1854; x_wconf 92' lang='lat' dir='ltr'>die</span> <span class='ocrx_word' id='word_1_175' title='bbox 365 1817 429 1854; x_wconf 88' lang='lat' dir='ltr'>cum</span> <span class='ocrx_word' id='word_1_176' title='bbox 447 1801 572 1871; x_wconf 83' lang='lat' dir='ltr'>proximis</span> <span class='ocrx_word' id='word_1_177' title='bbox 609 1801 708 1854; x_wconf 88' lang='lat' dir='ltr'>ibernis</span> <span class='ocrx_word' id='word_1_178' title='bbox 725 1801 867 1872; x_wconf 83' lang='lat' dir='ltr'>conjuncti,</span> <span class='ocrx_word' id='word_1_179' title='bbox 886 1817 1062 1856; x_wconf 86' lang='lat' dir='ltr'>communem</span> 
     </span>
     <span class='ocr_line' id='line_1_23' title="bbox 142 1869 1061 1942; baseline -0.001 -16"><span class='ocrx_word' id='word_1_180' title='bbox 142 1889 205 1926; x_wconf 86' lang='lat' dir='ltr'>oum</span> <span class='ocrx_word' id='word_1_181' title='bbox 224 1869 331 1940; x_wconf 91' lang='lat' dir='ltr'>reliquis</span> <span class='ocrx_word' id='word_1_182' title='bbox 350 1869 414 1923; x_wconf 91' lang='lat' dir='ltr'>belli</span> <span class='ocrx_word' id='word_1_183' title='bbox 434 1871 537 1924; x_wconf 82' lang='lat' dir='ltr'>cueum⁸</span> <span class='ocrx_word' id='word_1_184' title='bbox 555 1872 710 1940; x_wconf 84' lang='lat' dir='ltr'>sustineant,</span> <span class='ocrx_word' id='word_1_185' title='bbox 724 1887 774 1923; x_wconf 90' lang='lat' dir='ltr'>nec</span> <span class='ocrx_word' id='word_1_186' title='bbox 795 1869 886 1940; x_wconf 82' lang='lat' dir='ltr'>rejecti</span> <span class='ocrx_word' id='word_1_187' title='bbox 904 1881 932 1923; x_wconf 88' lang='lat' dir='ltr'>et</span> <span class='ocrx_word' id='word_1_188' title='bbox 953 1871 1061 1942; x_wconf 78' lang='lat' dir='ltr'>relegati</span> 
     </span>
     <span class='ocr_line' id='line_1_24' title="bbox 143 1940 804 2009; baseline -0.002 -15"><span class='ocrx_word' id='word_1_189' title='bbox 143 1942 220 2009; x_wconf 86' lang='lat' dir='ltr'>longe</span> <span class='ocrx_word' id='word_1_190' title='bbox 231 1940 266 1993; x_wconf 82' lang='lat' dir='ltr'>eb</span> <span class='ocrx_word' id='word_1_191' title='bbox 278 1941 374 1992; x_wconf 87' lang='lat' dir='ltr'>ceteris</span> <span class='ocrx_word' id='word_1_192' title='bbox 385 1948 431 1993; x_wconf 86' lang='lat' dir='ltr'>aut</span> <span class='ocrx_word' id='word_1_193' title='bbox 444 1940 510 1992; x_wconf 89' lang='lat' dir='ltr'>lerro</span> <span class='ocrx_word' id='word_1_194' title='bbox 522 1948 569 1992; x_wconf 85' lang='lat' dir='ltr'>sut</span> <span class='ocrx_word' id='word_1_195' title='bbox 581 1940 653 1994; x_wconf 81' lang='lat' dir='ltr'>lame</span> <span class='ocrx_word' id='word_1_196' title='bbox 666 1941 804 1994; x_wconf 83' lang='lat' dir='ltr'>intereant.</span> 
     </span>
    </p>

    <p class='ocr_par' dir='ltr' id='par_1_4' title="bbox 140 2009 1122 2152">
     <span class='ocr_line' id='line_1_25' title="bbox 177 2009 1122 2080; baseline 0.002 -17"><span class='ocrx_word' id='word_1_197' title='bbox 177 2015 219 2063; x_wconf 83' lang='lat'>31.</span> <span class='ocrx_word' id='word_1_198' title='bbox 238 2010 408 2077; x_wconf 84' lang='lat' dir='ltr'>Consurgitur</span> <span class='ocrx_word' id='word_1_199' title='bbox 425 2026 459 2062; x_wconf 86' lang='lat' dir='ltr'>err</span> <span class='ocrx_word' id='word_1_200' title='bbox 476 2009 601 2079; x_wconf 87' lang='lat' dir='ltr'>oonsilic;</span> <span class='ocrx_word' id='word_1_201' title='bbox 619 2010 857 2078; x_wconf 67' lang='lat' dir='ltr'>comprehendunt</span> <span class='ocrx_word' id='word_1_202' title='bbox 872 2016 1018 2080; x_wconf 88' lang='lat' dir='ltr'>utrumque</span> <span class='ocrx_word' id='word_1_203' title='bbox 1036 2021 1061 2065; x_wconf 88' lang='lat' dir='ltr'>et</span> <span class='ocrx_word' id='word_1_204' title='bbox 1121 2035 1122 2040; x_wconf 47' lang='lat'>¹</span> 
     </span>
     <span class='ocr_line' id='line_1_26' title="bbox 140 2078 1060 2152; baseline 0 -19"><span class='ocrx_word' id='word_1_205' title='bbox 140 2088 222 2150; x_wconf 82' lang='lat' dir='ltr'>orent,</span> <span class='ocrx_word' id='word_1_206' title='bbox 235 2095 270 2132; x_wconf 87' lang='lat' dir='ltr'>ue</span> <span class='ocrx_word' id='word_1_207' title='bbox 282 2095 331 2131; x_wconf 82' lang='lat' dir='ltr'>sue</span> <span class='ocrx_word' id='word_1_208' title='bbox 343 2078 507 2132; x_wconf 84' lang='lat' dir='ltr'>dissensione</span> <span class='ocrx_word' id='word_1_209' title='bbox 519 2088 546 2131; x_wconf 89' lang='lat' dir='ltr'>et</span> <span class='ocrx_word' id='word_1_210' title='bbox 559 2080 704 2150; x_wconf 78' lang='lat' dir='ltr'>pertinacis</span> <span class='ocrx_word' id='word_1_211' title='bbox 722 2096 778 2132; x_wconf 88' lang='lat' dir='ltr'>rem</span> <span class='ocrx_word' id='word_1_212' title='bbox 796 2081 822 2133; x_wconf 91' lang='lat' dir='ltr'>iu</span> <span class='ocrx_word' id='word_1_213' title='bbox 841 2096 982 2134; x_wconf 89' lang='lat' dir='ltr'>summum</span> <span class='ocrx_word' id='word_1_214' title='bbox 994 2081 1060 2152; x_wconf 89' lang='lat' dir='ltr'>peri·</span> 
     </span>
    </p>
   </div>
   <div class='ocr_carea' id='block_1_3' title="bbox 762 2187 835 2194">
    <p class='ocr_par' dir='ltr' id='par_1_5' title="bbox 762 2187 835 2194">
     <span class='ocr_line' id='line_1_27' title="bbox 762 2187 835 2194; baseline 0 0"><span class='ocrx_word' id='word_1_215' title='bbox 762 2187 835 2194; x_wconf 59' lang='lat' dir='ltr'>i-—n-</span> 
     </span>
    </p>
   </div>
   <div class='ocr_carea' id='block_1_4' title="bbox 141 2244 1060 2369">
    <p class='ocr_par' dir='ltr' id='par_1_6' title="bbox 141 2244 1060 2369">
     <span class='ocr_line' id='line_1_28' title="bbox 160 2244 1060 2318; baseline 0.002 -22"><span class='ocrx_word' id='word_1_216' title='bbox 160 2250 178 2318; x_wconf 30' lang='lat'>‘¹</span> <span class='ocrx_word' id='word_1_217' title='bbox 188 2247 261 2296; x_wconf 82' lang='lat' dir='ltr'>From</span> <span class='ocrx_word' id='word_1_218' title='bbox 272 2244 320 2295; x_wconf 87' lang='lat' dir='ltr'>this</span> <span class='ocrx_word' id='word_1_219' title='bbox 332 2262 433 2318; x_wconf 77' lang='lat' dir='ltr'>passage</span> <span class='ocrx_word' id='word_1_220' title='bbox 444 2263 482 2294; x_wconf 84' lang='lat' dir='ltr'>we</span> <span class='ocrx_word' id='word_1_221' title='bbox 498 2246 565 2318; x_wconf 76' lang='lat' dir='ltr'>leurn</span> <span class='ocrx_word' id='word_1_222' title='bbox 580 2247 632 2296; x_wconf 83' lang='lat' dir='ltr'>thet</span> <span class='ocrx_word' id='word_1_223' title='bbox 644 2247 784 2297; x_wconf 85' lang='lat' dir='ltr'>Ariovistus</span> <span class='ocrx_word' id='word_1_224' title='bbox 799 2247 855 2299; x_wconf 91' lang='lat' dir='ltr'>died</span> <span class='ocrx_word' id='word_1_225' title='bbox 870 2264 931 2297; x_wconf 89' lang='lat' dir='ltr'>soon</span> <span class='ocrx_word' id='word_1_226' title='bbox 947 2248 1010 2298; x_wconf 80' lang='lat' dir='ltr'>ulter</span> <span class='ocrx_word' id='word_1_227' title='bbox 1024 2249 1060 2298; x_wconf 81' lang='lat' dir='ltr'>liis</span> 
     </span>
     <span class='ocr_line' id='line_1_29' title="bbox 141 2306 595 2369; baseline -0.002 -13"><span class='ocrx_word' id='word_1_228' title='bbox 141 2307 210 2369; x_wconf 78' lang='lat' dir='ltr'>llrglrt</span> <span class='ocrx_word' id='word_1_229' title='bbox 221 2321 302 2355; x_wconf 87' lang='lat' dir='ltr'>scross</span> <span class='ocrx_word' id='word_1_230' title='bbox 314 2307 355 2354; x_wconf 90' lang='lat' dir='ltr'>the</span> <span class='ocrx_word' id='word_1_231' title='bbox 367 2306 447 2360; x_wconf 87' lang='lat' dir='ltr'>thnc</span> <span class='ocrx_word' id='word_1_232' title='bbox 460 2314 510 2364; x_wconf 87' lang='lat' dir='ltr'>(see</span> <span class='ocrx_word' id='word_1_233' title='bbox 521 2322 536 2355; x_wconf 91' lang='lat'>1.</span> <span class='ocrx_word' id='word_1_234' title='bbox 549 2309 595 2362; x_wconf 77' lang='lat'><strong>⁵8).</strong></span> 
     </span>
    </p>
   </div>
   <div class='ocr_carea' id='block_1_5' title="bbox 169 2380 771 2503">
    <p class='ocr_par' dir='ltr' id='par_1_7' title="bbox 169 2380 771 2503">
     <span class='ocr_line' id='line_1_30' title="bbox 169 2380 555 2442; baseline -0.005 -12"><span class='ocrx_word' id='word_1_235' title='bbox 169 2381 325 2438; x_wconf 68' lang='lat' dir='ltr'>&#39;Redonum</span> <span class='ocrx_word' id='word_1_236' title='bbox 343 2380 449 2442; x_wconf 88' lang='lat' dir='ltr'>nomely,</span> <span class='ocrx_word' id='word_1_237' title='bbox 462 2398 488 2429; x_wconf 83' lang='lat' dir='ltr'>se</span> <span class='ocrx_word' id='word_1_238' title='bbox 498 2397 555 2430; x_wconf 80' lang='lat' dir='ltr'>esse.</span> 
     </span>
     <span class='ocr_line' id='line_1_31' title="bbox 169 2453 771 2503; baseline 0 -1"><span class='ocrx_word' id='word_1_239' title='bbox 169 2457 178 2484; x_wconf 83' lang='lat'><strong>¹</strong></span> <span class='ocrx_word' id='word_1_240' title='bbox 189 2455 317 2503; x_wconf 87' lang='lat' dir='ltr'>‘Without</span> <span class='ocrx_word' id='word_1_241' title='bbox 329 2470 343 2502; x_wconf 84' lang='lat' dir='ltr'>s</span> <span class='ocrx_word' id='word_1_242' title='bbox 353 2455 444 2502; x_wconf 77' lang='lat' dir='ltr'>certain</span> <span class='ocrx_word' id='word_1_243' title='bbox 455 2453 502 2503; x_wconf 85' lang='lat' dir='ltr'>und</span> <span class='ocrx_word' id='word_1_244' title='bbox 512 2454 657 2503; x_wconf 81' lang='lat' dir='ltr'>substentrel</span> <span class='ocrx_word' id='word_1_245' title='bbox 668 2455 771 2502; x_wconf 65' lang='lat' dir='ltr'>resson)</span> 
     </span>
    </p>
   </div>
   <div class='ocr_carea' id='block_1_6' title="bbox 169 2527 1059 2636">
    <p class='ocr_par' dir='ltr' id='par_1_8' title="bbox 169 2527 1059 2636">
     <span class='ocr_line' id='line_1_32' title="bbox 169 2527 1059 2636; baseline 0.003 -59"><span class='ocrx_word' id='word_1_246' title='bbox 169 2528 253 2578; x_wconf 73' lang='lat' dir='ltr'>‘Thut</span> <span class='ocrx_word' id='word_1_247' title='bbox 270 2529 300 2585; x_wconf 88' lang='lat' dir='ltr'>is,</span> <span class='ocrx_word' id='word_1_248' title='bbox 313 2531 336 2577; x_wconf 82' lang='lat' dir='ltr'>ri</span> <span class='ocrx_word' id='word_1_249' title='bbox 351 2530 388 2577; x_wconf 79' lang='lat' dir='ltr'>nil</span> <span class='ocrx_word' id='word_1_250' title='bbox 402 2531 504 2636; x_wconf 70' lang='lat' dir='ltr'>pravior</span> <span class='ocrx_word' id='word_1_251' title='bbox 519 2531 638 2584; x_wconf 60' lang='lat' dir='ltr'>occident,</span> <span class='ocrx_word' id='word_1_252' title='bbox 655 2527 690 2576; x_wconf 82' lang='lat' dir='ltr'>‘il</span> <span class='ocrx_word' id='word_1_253' title='bbox 703 2527 805 2591; x_wconf 78' lang='lat' dir='ltr'>nothing</span> <span class='ocrx_word' id='word_1_254' title='bbox 820 2529 1021 2591; x_wconf 81' lang='lat' dir='ltr'>ertmordincry‚&#39;</span> <span class='ocrx_word' id='word_1_255' title='bbox 1033 2546 1059 2580; x_wconf 88' lang='lat' dir='ltr'>cr</span> 
     </span>
    </p>
   </div>
   <div class='ocr_carea' id='block_1_7' title="bbox 142 2587 799 2722">
    <p class='ocr_par' dir='ltr' id='par_1_9' title="bbox 142 2587 799 2722">
     <span class='ocr_line' id='line_1_33' title="bbox 142 2587 652 2648; baseline -0.002 -11"><span class='ocrx_word' id='word_1_256' title='bbox 142 2595 187 2637; x_wconf 88' lang='lat' dir='ltr'>‘no</span> <span class='ocrx_word' id='word_1_257' title='bbox 198 2603 345 2637; x_wconf 86' lang='lat' dir='ltr'>uncommon</span> <span class='ocrx_word' id='word_1_258' title='bbox 356 2589 401 2636; x_wconf 90' lang='lat' dir='ltr'>mis</span> <span class='ocrx_word' id='word_1_259' title='bbox 412 2599 497 2636; x_wconf 88' lang='lat' dir='ltr'>ortune</span> <span class='ocrx_word' id='word_1_260' title='bbox 509 2587 652 2648; x_wconf 73' lang='lat' dir='ltr'>happened.¹</span> 
     </span>
     <span class='ocr_line' id='line_1_34' title="bbox 168 2661 799 2722; baseline 0 -12"><span class='ocrx_word' id='word_1_261' title='bbox 168 2661 253 2711; x_wconf 76' lang='lat' dir='ltr'>&#39;Thot</span> <span class='ocrx_word' id='word_1_262' title='bbox 265 2663 294 2718; x_wconf 91' lang='lat' dir='ltr'>is,</span> <span class='ocrx_word' id='word_1_263' title='bbox 307 2663 341 2722; x_wconf 90' lang='lat' dir='ltr'>by</span> <span class='ocrx_word' id='word_1_264' title='bbox 351 2661 393 2710; x_wconf 89' lang='lat' dir='ltr'>the</span> <span class='ocrx_word' id='word_1_265' title='bbox 404 2662 542 2711; x_wconf 87' lang='lat' dir='ltr'>centurione</span> <span class='ocrx_word' id='word_1_266' title='bbox 553 2661 581 2710; x_wconf 86' lang='lat' dir='ltr'>os</span> <span class='ocrx_word' id='word_1_267' title='bbox 593 2661 635 2710; x_wconf 86' lang='lat' dir='ltr'>the</span> <span class='ocrx_word' id='word_1_268' title='bbox 646 2661 699 2710; x_wconf 88' lang='lat' dir='ltr'>first</span> <span class='ocrx_word' id='word_1_269' title='bbox 710 2662 799 2710; x_wconf 89' lang='lat' dir='ltr'>orders.</span> 
     </span>
    </p>
   </div>
   <div class='ocr_carea' id='block_1_8' title="bbox 138 2737 1103 3108">
    <p class='ocr_par' dir='ltr' id='par_1_10' title="bbox 138 2737 1058 2906">
     <span class='ocr_line' id='line_1_35' title="bbox 167 2737 1058 2808; baseline 0.001 -21"><span class='ocrx_word' id='word_1_270' title='bbox 167 2739 178 2767; x_wconf 80' lang='lat'>⁸</span> <span class='ocrx_word' id='word_1_271' title='bbox 191 2737 297 2795; x_wconf 79' lang='lat' dir='ltr'>Vincere,</span> <span class='ocrx_word' id='word_1_272' title='bbox 309 2739 333 2786; x_wconf 91' lang='lat' dir='ltr'>in</span> <span class='ocrx_word' id='word_1_273' title='bbox 343 2738 462 2798; x_wconf 87' lang='lat' dir='ltr'>disputes,</span> <span class='ocrx_word' id='word_1_274' title='bbox 473 2738 580 2800; x_wconf 83' lang='lat' dir='ltr'>signifies</span> <span class='ocrx_word' id='word_1_275' title='bbox 594 2740 675 2788; x_wconf 88' lang='lat' dir='ltr'>‘tube</span> <span class='ocrx_word' id='word_1_276' title='bbox 687 2739 712 2787; x_wconf 92' lang='lat' dir='ltr'>in</span> <span class='ocrx_word' id='word_1_277' title='bbox 722 2739 763 2786; x_wconf 90' lang='lat' dir='ltr'>the</span> <span class='ocrx_word' id='word_1_278' title='bbox 775 2737 858 2807; x_wconf 50' lang='lat' dir='ltr'>rightff</span> <span class='ocrx_word' id='word_1_279' title='bbox 871 2753 898 2808; x_wconf 81' lang='lat' dir='ltr'>or</span> <span class='ocrx_word' id='word_1_280' title='bbox 909 2739 1007 2808; x_wconf 42' lang='lat' dir='ltr'>st&#39;lesst</span> <span class='ocrx_word' id='word_1_281' title='bbox 1020 2745 1058 2788; x_wconf 84' lang='lat' dir='ltr'>‘to</span> 
     </span>
     <span class='ocr_line' id='line_1_36' title="bbox 138 2797 1058 2906; baseline 0.002 -60"><span class='ocrx_word' id='word_1_282' title='bbox 138 2797 248 2906; x_wconf 56' lang='lat' dir='ltr'>ffitlli</span> <span class='ocrx_word' id='word_1_283' title='bbox 262 2813 338 2858; x_wconf 87' lang='lat' dir='ltr'>upper</span> <span class='ocrx_word' id='word_1_284' title='bbox 348 2797 437 2856; x_wconf 60' lang='lat' dir='ltr'>hardy</span> <span class='ocrx_word' id='word_1_285' title='bbox 455 2797 532 2846; x_wconf 89' lang='lat' dir='ltr'>hence</span> <span class='ocrx_word' id='word_1_286' title='bbox 549 2798 621 2846; x_wconf 80' lang='lat' dir='ltr'>here:</span> <span class='ocrx_word' id='word_1_287' title='bbox 641 2803 724 2859; x_wconf 79' lang='lat' dir='ltr'>‘carry</span> <span class='ocrx_word' id='word_1_288' title='bbox 737 2814 796 2859; x_wconf 90' lang='lat' dir='ltr'>your</span> <span class='ocrx_word' id='word_1_289' title='bbox 813 2813 919 2858; x_wconf 77' lang='lat' dir='ltr'>opinion,</span> <span class='ocrx_word' id='word_1_290' title='bbox 932 2797 954 2846; x_wconf 69' lang='lat' dir='ltr'>rt*</span> <span class='ocrx_word' id='word_1_291' title='bbox 967 2814 1015 2861; x_wconf 90' lang='lat' dir='ltr'>you</span> <span class='ocrx_word' id='word_1_292' title='bbox 1031 2815 1058 2848; x_wconf 89' lang='lat' dir='ltr'>so</span> 
     </span>
    </p>

    <p class='ocr_par' dir='ltr' id='par_1_11' title="bbox 138 2928 1103 3108">
     <span class='ocr_line' id='line_1_37' title="bbox 168 2928 1057 2990; baseline 0.002 -12"><span class='ocrx_word' id='word_1_293' title='bbox 168 2931 177 2958; x_wconf 71' lang='lat'>³</span> <span class='ocrx_word' id='word_1_294' title='bbox 189 2928 239 2990; x_wconf 82' lang='lat' dir='ltr'>Qui</span> <span class='ocrx_word' id='word_1_295' title='bbox 248 2939 351 2986; x_wconf 74' lang='lat' dir='ltr'>terrem,-</span> <span class='ocrx_word' id='word_1_296' title='bbox 368 2929 420 2978; x_wconf 82' lang='lat' dir='ltr'>that</span> <span class='ocrx_word' id='word_1_297' title='bbox 431 2930 460 2985; x_wconf 87' lang='lat' dir='ltr'>is,</span> <span class='ocrx_word' id='word_1_298' title='bbox 470 2945 544 2990; x_wconf 78' lang='lat' dir='ltr'>usque</span> <span class='ocrx_word' id='word_1_299' title='bbox 554 2932 680 2986; x_wconf 70' lang='lat' dir='ltr'>tulissem,</span> <span class='ocrx_word' id='word_1_300' title='bbox 691 2939 718 2977; x_wconf 82' lang='lat' dir='ltr'>ot</span> <span class='ocrx_word' id='word_1_301' title='bbox 729 2939 826 2978; x_wconf 81' lang='lat' dir='ltr'>terreor.</span> <span class='ocrx_word' id='word_1_302' title='bbox 852 2929 907 2978; x_wconf 83' lang='lat' dir='ltr'>&#39;l&#39;he</span> <span class='ocrx_word' id='word_1_303' title='bbox 918 2931 1057 2990; x_wconf 81' lang='lat' dir='ltr'>expression</span> 
     </span>
     <span class='ocr_line' id='line_1_38' title="bbox 139 2989 1056 3052; baseline 0.001 -14"><span class='ocrx_word' id='word_1_304' title='bbox 139 3006 166 3038; x_wconf 75' lang='lat' dir='ltr'>er</span> <span class='ocrx_word' id='word_1_305' title='bbox 176 2991 239 3037; x_wconf 79' lang='lat' dir='ltr'>collis</span> <span class='ocrx_word' id='word_1_306' title='bbox 250 2999 316 3038; x_wconf 87' lang='lat' dir='ltr'>must</span> <span class='ocrx_word' id='word_1_307' title='bbox 328 2990 357 3037; x_wconf 90' lang='lat' dir='ltr'>be</span> <span class='ocrx_word' id='word_1_308' title='bbox 368 2989 460 3048; x_wconf 86' lang='lat' dir='ltr'>closely</span> <span class='ocrx_word' id='word_1_309' title='bbox 469 2989 601 3038; x_wconf 89' lang='lat' dir='ltr'>connected</span> <span class='ocrx_word' id='word_1_310' title='bbox 612 2989 672 3037; x_wconf 84' lang='lat' dir='ltr'>with</span> <span class='ocrx_word' id='word_1_311' title='bbox 683 2991 888 3046; x_wconf 72' lang='lat' dir='ltr'>vehementissime,</span> <span class='ocrx_word' id='word_1_312' title='bbox 902 2990 949 3038; x_wconf 84' lang='lat' dir='ltr'>sud</span> <span class='ocrx_word' id='word_1_313' title='bbox 960 2991 981 3040; x_wconf 90' lang='lat' dir='ltr'>is</span> <span class='ocrx_word' id='word_1_314' title='bbox 992 2991 1056 3052; x_wconf 89' lang='lat' dir='ltr'>equi·</span> 
     </span>
     <span class='ocr_line' id='line_1_39' title="bbox 138 3047 1103 3108; baseline 0.001 -13"><span class='ocrx_word' id='word_1_315' title='bbox 138 3047 220 3095; x_wconf 82' lang='lat' dir='ltr'>velent</span> <span class='ocrx_word' id='word_1_316' title='bbox 232 3058 257 3096; x_wconf 90' lang='lat' dir='ltr'>to</span> <span class='ocrx_word' id='word_1_317' title='bbox 267 3047 309 3096; x_wconf 87' lang='lat' dir='ltr'>the</span> <span class='ocrx_word' id='word_1_318' title='bbox 320 3048 426 3108; x_wconf 84' lang='lat' dir='ltr'>genitive</span> <span class='ocrx_word' id='word_1_319' title='bbox 437 3057 548 3096; x_wconf 84' lang='lat' dir='ltr'>nestrum.</span> <span class='ocrx_word' id='word_1_320' title='bbox 1099 3053 1103 3062; x_wconf 91' lang='lat'><em>&#39;</em></span> 
     </span>
    </p>
   </div>
   <div class='ocr_carea' id='block_1_9' title="bbox 63 3119 1122 3229">
    <p class='ocr_par' dir='ltr' id='par_1_12' title="bbox 63 3119 1122 3229">
     <span class='ocr_line' id='line_1_40' title="bbox 167 3119 1122 3178; baseline 0.005 -10"><span class='ocrx_word' id='word_1_321' title='bbox 167 3119 275 3170; x_wconf 79' lang='lat' dir='ltr'>&#39;Casum</span> <span class='ocrx_word' id='word_1_322' title='bbox 285 3124 350 3178; x_wconf 64' lang='lat' dir='ltr'>uelit·</span> <span class='ocrx_word' id='word_1_323' title='bbox 369 3122 463 3176; x_wconf 86' lang='lat' dir='ltr'>thetis,</span> <span class='ocrx_word' id='word_1_324' title='bbox 477 3131 584 3169; x_wconf 67' lang='lat' dir='ltr'>mentum</span> <span class='ocrx_word' id='word_1_325' title='bbox 599 3123 662 3177; x_wconf 80' lang='lat' dir='ltr'>belli,</span> <span class='ocrx_word' id='word_1_326' title='bbox 675 3123 718 3170; x_wconf 90' lang='lat' dir='ltr'>but</span> <span class='ocrx_word' id='word_1_327' title='bbox 736 3122 845 3170; x_wconf 76' lang='lat' dir='ltr'>contains</span> <span class='ocrx_word' id='word_1_328' title='bbox 861 3122 902 3170; x_wconf 90' lang='lat' dir='ltr'>the</span> <span class='ocrx_word' id='word_1_329' title='bbox 921 3121 974 3172; x_wconf 84' lang='lat' dir='ltr'>ides</span> <span class='ocrx_word' id='word_1_330' title='bbox 989 3123 1017 3172; x_wconf 86' lang='lat' dir='ltr'>ol&#39;</span> <span class='ocrx_word' id='word_1_331' title='bbox 1027 3140 1056 3172; x_wconf 84' lang='lat' dir='ltr'>on</span> <span class='ocrx_word' id='word_1_332' title='bbox 1121 3153 1122 3166; x_wconf 54' lang='lat' dir='ltr'>i</span> 
     </span>
     <span class='ocr_line' id='line_1_41' title="bbox 63 3177 648 3229; baseline 0 -2"><span class='ocrx_word' id='word_1_333' title='bbox 63 3184 68 3190; x_wconf 89' lang='grc'><strong>’</strong></span> <span class='ocrx_word' id='word_1_334' title='bbox 139 3177 293 3228; x_wconf 80' lang='lat' dir='ltr'>unfortunate</span> <span class='ocrx_word' id='word_1_335' title='bbox 304 3191 376 3228; x_wconf 85' lang='lat' dir='ltr'>event</span> <span class='ocrx_word' id='word_1_336' title='bbox 386 3196 413 3228; x_wconf 92' lang='lat' dir='ltr'>or</span> <span class='ocrx_word' id='word_1_337' title='bbox 424 3181 488 3228; x_wconf 90' lang='lat' dir='ltr'>issue</span> <span class='ocrx_word' id='word_1_338' title='bbox 500 3179 528 3226; x_wconf 87' lang='lat' dir='ltr'>of</span> <span class='ocrx_word' id='word_1_339' title='bbox 538 3180 580 3228; x_wconf 85' lang='lat' dir='ltr'>the</span> <span class='ocrx_word' id='word_1_340' title='bbox 591 3195 648 3229; x_wconf 82' lang='lat' dir='ltr'>war.</span> 
     </span>
    </p>
   </div>
   <div class='ocr_carea' id='block_1_10' title="bbox 140 3249 1055 3420">
    <p class='ocr_par' dir='ltr' id='par_1_13' title="bbox 140 3249 1055 3420">
     <span class='ocr_line' id='line_1_42' title="bbox 169 3249 1055 3322; baseline 0.01 -26"><span class='ocrx_word' id='word_1_341' title='bbox 169 3249 383 3322; x_wconf 59' lang='lat' dir='ltr'>&#39;Omnprdmsdere</span> <span class='ocrx_word' id='word_1_342' title='bbox 392 3253 449 3300; x_wconf 86' lang='lat' dir='ltr'>here</span> <span class='ocrx_word' id='word_1_343' title='bbox 461 3253 504 3300; x_wconf 83' lang='lat' dir='ltr'>hee</span> <span class='ocrx_word' id='word_1_344' title='bbox 516 3253 557 3320; x_wconf 77' lang='lat' dir='ltr'>the</span> <span class='ocrx_word' id='word_1_345' title='bbox 569 3254 681 3313; x_wconf 84' lang='lat' dir='ltr'>meuuing</span> <span class='ocrx_word' id='word_1_346' title='bbox 696 3253 724 3301; x_wconf 91' lang='lat' dir='ltr'>os</span> <span class='ocrx_word' id='word_1_347' title='bbox 739 3259 778 3302; x_wconf 84' lang='lat' dir='ltr'>‘to</span> <span class='ocrx_word' id='word_1_348' title='bbox 793 3257 905 3303; x_wconf 81' lang='lat' dir='ltr'>embruce</span> <span class='ocrx_word' id='word_1_349' title='bbox 914 3257 931 3312; x_wconf 69' lang='grc' dir='ltr'>ς’</span> <span class='ocrx_word' id='word_1_350' title='bbox 949 3255 1055 3306; x_wconf 74' lang='lat' dir='ltr'>whereas</span> 
     </span>
     <span class='ocr_line' id='line_1_43' title="bbox 140 3311 1054 3420; baseline 0.012 -65"><span class='ocrx_word' id='word_1_351' title='bbox 140 3311 425 3420; x_wconf 46' lang='lat' dir='ltr'>ffluprirpuppfirtlsbrpmfies</span> <span class='ocrx_word' id='word_1_352' title='bbox 438 3317 478 3361; x_wconf 82' lang='lat' dir='ltr'>‘to</span> <span class='ocrx_word' id='word_1_353' title='bbox 488 3313 561 3360; x_wconf 79' lang='lat' dir='ltr'>serue’</span> <span class='ocrx_word' id='word_1_354' title='bbox 574 3327 601 3360; x_wconf 92' lang='lat' dir='ltr'>or</span> <span class='ocrx_word' id='word_1_355' title='bbox 614 3317 654 3361; x_wconf 82' lang='lat' dir='ltr'>‘to</span> <span class='ocrx_word' id='word_1_356' title='bbox 664 3313 758 3362; x_wconf 88' lang='lat' dir='ltr'>errest.’</span> <span class='ocrx_word' id='word_1_357' title='bbox 788 3313 907 3376; x_wconf 83' lang='lat' dir='ltr'>Compare</span> <span class='ocrx_word' id='word_1_358' title='bbox 918 3314 970 3365; x_wconf 88' lang='lat' dir='ltr'>Cic.</span> <span class='ocrx_word' id='word_1_359' title='bbox 979 3315 1054 3380; x_wconf 69' lang='lat' dir='ltr'>Epist.</span> 
     </span>
    </p>
   </div>
   <div class='ocr_carea' id='block_1_11' title="bbox 0 0 1140 3786">
    <p class='ocr_par' dir='ltr' id='par_1_14' title="bbox 0 0 1140 3786">
     <span class='ocr_line' id='line_1_44' title="bbox 0 0 1140 3786; baseline 0 0"><span class='ocrx_word' id='word_1_360' title='bbox 0 0 1140 3786; x_wconf 95' lang='lat' dir='ltr'> </span> 
     </span>
    </p>
   </div>
  </div>
 </body>
</html>
