2268 3786
451 283 544 328 nisse
562 281 602 326 rr.
944 266 985 326 95

47 391 201 449 floiseitnr.
239 391 280 447 llo
296 407 360 448 onrn
377 393 503 462 venisset,
522 409 563 462 es,
581 407 654 462 quae
672 391 728 446 lora
751 392 903 464 saqtieatns
919 388 984 463 eran

47 465 136 517 laeta
160 465 300 532 oognouit:
327 462 423 516 missas
447 463 594 532 legationes
616 461 651 516 ab
676 462 808 516 nonnullis
832 462 986 518 civitatibus

46 535 88 587 ad
113 535 278 602 Germanos,
299 531 475 602 invitatosque
498 550 551 599 eos,
571 531 611 586 uti
633 531 669 586 ab
691 531 784 586 Rheno
807 532 983 602 discederent,

48 603 220 672 omniaque,
233 618 304 671 quae
315 602 501 671 postulassent,
513 602 548 655 ab
561 603 599 656 se¹
611 601 666 655 lore
678 612 779 672 parata
808 602 867 661 Qua
880 619 926 673 spe
939 601 985 656 ad·

48 673 138 726 ducti
156 673 287 725 Germani
305 671 385 724 latius
400 671 455 742 jorn
473 671 637 740 vagabantur
654 682 681 726 et
699 671 726 726 in
744 673 812 726 fines
830 673 985 726 Eburonum

48 752 80 795 et
102 743 317 806 Condrusorum,
335 741 382 810 qui
400 752 460 794 sunt
478 742 646 795 Trevirorum
664 740 783 812 olientes,
800 752 984 814 pervenerant.

50 811 237 880 Principibus
259 811 363 864 Galliae
390 811 507 864 eruentis
529 811 628 864 Caesen
653 827 694 880 ea,
718 827 788 880 quae
817 822 983 881 cognoverat,

50 880 264 934 dissimulanda
287 879 339 934 sibi
362 879 535 946 existimarit,
554 897 701 950 eorumque
723 881 821 934 snirnis
843 881 985 950 permulsis

51 959 83 1004 et
104 950 288 1003 oonllrmatis¹
304 949 477 1020 equitatuque
494 950 624 1021 imperato
641 950 743 1004 bellurn
760 968 824 1004 oum
844 951 986 1004 Gennanis

52 1037 161 1089 gerere
173 1019 317 1073 constituit.

91 1095 123 1142 7.
143 1090 185 1142 lle
205 1089 377 1143 frumentaria
392 1097 547 1158 eompama
561 1089 749 1160 equitibusque
764 1087 877 1142 delentis
895 1090 944 1142 iter
958 1088 984 1142 in

54 1173 92 1212 ea
104 1159 172 1212 looa
183 1157 273 1212 faeere
285 1158 379 1228 eoepit,
392 1158 491 1227 quibus
502 1159 529 1211 in
541 1158 607 1212 lonis
619 1175 679 1212 esse
690 1160 838 1212 Germanos
849 1158 984 1212 audiebat.

53 1231 82 1282 A
101 1228 210 1298 quibus
227 1245 289 1282 oum
308 1243 453 1296 pauoorurn
472 1229 576 1282 dierum
594 1228 643 1281 iter
659 1228 774 1298 abesset,
790 1227 872 1297 legati
889 1227 924 1282 ab
942 1227 986 1282 his

52 1306 205 1366 venerunt,
218 1315 331 1366 quorum
349 1297 417 1350 haee
433 1297 484 1352 luit
501 1298 598 1350 oratio:
617 1298 764 1352 Germanos
782 1314 870 1367 neque
886 1297 986 1368 priores

54 1367 164 1437 popnlo
172 1367 292 1420 Romano
303 1365 405 1420 bellurn
417 1365 515 1421 inferre
527 1383 614 1437 neque
627 1376 717 1420 tamen
727 1383 857 1437 recusare,
866 1368 889 1420 si
902 1367 984 1420 laoee

56 1446 165 1504 santur,
185 1437 252 1506 quin
274 1437 357 1490 armis
380 1436 550 1506 contendant,
569 1437 641 1507 quod
657 1437 851 1490 Germanorum
875 1453 984 1490 eonsue-

54 1505 129 1560 tudo
141 1506 213 1559 haee
225 1507 258 1558 sit
270 1523 287 1558 a
298 1505 444 1576 majoribus
456 1505 559 1576 tradita,
572 1507 735 1577 quicumque
747 1504 848 1560 bellurn
861 1505 983 1574 inierant,

55 1575 201 1629 resistere·
215 1591 304 1645 neque
318 1575 464 1646 deprecari.
499 1576 574 1629 Haeo
591 1584 683 1630 tamen
698 1574 802 1628 dioere:
821 1575 928 1628 venisse
946 1575 984 1628 in·

55 1645 140 1714 vitos,
161 1644 264 1714 ejectos
282 1644 377 1714 domo,
401 1647 423 1698 si
441 1661 518 1700 suam
534 1644 650 1713 gratiam
666 1645 779 1698 Romani
795 1643 887 1714 velint,
906 1661 984 1714 posse

57 1713 93 1766 iis
104 1715 192 1768 utiles
204 1730 265 1768 esso
276 1714 393 1783 amieos3
412 1714 455 1768 vel
471 1715 522 1769 sibi
538 1721 619 1784 agros
630 1714 780 1784 attribuant,
793 1713 838 1767 tel
852 1713 985 1792 patiantur

57 1797 108 1836 eos
125 1793 229 1851 tenere,
242 1799 308 1852 quos
321 1784 404 1838 armis
417 1785 582 1854 possederint
591 1785 609 1852 3⁴
625 1801 685 1838 sese
701 1784 762 1838 unis
779 1784 874 1838 Srrevn
891 1799 984 1837 oonoe-

56 1851 148 1924 dere‚⁶
166 1853 263 1922 quibus
276 1869 311 1905 ne
329 1852 366 1906 dii
384 1854 495 1933 quidem
513 1853 678 1907 immortales
695 1871 773 1924 pares
790 1870 850 1908 esse
868 1853 984 1924 possint:

57 1921 200 2004 reliquum
211 1921 322 1992 quidem
334 1923 362 1976 in
373 1930 449 1977 terne
460 1939 520 1978 esse
532 1923 677 1995 neminem,
690 1941 773 1994 quem
789 1940 843 1977 non
860 1939 984 1994 superare

57 1999 272 2141 pognxdbaeo
287 2077 357 2142 quae
372 2060 461 2115 visum
477 2062 537 2132 est,¹
547 2061 645 2142 Caesar
663 2061 812 2142 respondit,
831 2061 878 2116 sed
898 2063 985 2118 exitus

57 2127 110 2184 lnrt
128 2138 270 2184 orationis:
289 2130 341 2184 sibi
358 2130 461 2184 nullam
477 2147 542 2186 oum
558 2131 601 2185 lus
617 2141 764 2186 arnrortuam
781 2147 841 2186 esse
859 2149 945 2204 posse,
958 2133 982 2186 si

87 2311 147 2360 ‘Aa
158 2329 192 2370 se,
207 2317 252 2362 ‘on
262 2313 325 2363 their
335 2323 387 2374 part
395 2315 412 2372 ;’
430 2313 482 2363 that
493 2314 523 2371 is,
536 2328 567 2362 on
578 2313 619 2362 tho
635 2322 687 2374 part
698 2313 727 2363 os
737 2313 808 2362 those
824 2313 876 2362 that
887 2313 983 2363 dasired

57 2367 101 2420 tlre
114 2370 239 2422 Germane
249 2382 275 2422 to
285 2373 413 2422 withdraw
422 2373 484 2423 from
495 2373 536 2422 the
548 2371 626 2421 banlrs
637 2372 666 2421 ol
672 2372 713 2421 the
726 2373 813 2421 Rhine.

71 2459 97 2526 ‚¹
108 2457 204 2508 Caesar
214 2459 347 2510 comforted
362 2461 412 2530 and
424 2460 575 2522 encouraged
586 2460 653 2509 them
664 2460 689 2508 in
699 2459 785 2520 regard
795 2468 821 2507 to
831 2459 872 2528 the
884 2459 981 2528 calarni-

58 2517 259 2688 {2¹⁶thle
267 2519 455 2640 ‘ttttltdttt
468 2516 982 2628 'ltttlltltttttttt‘lttllllttttl

88 2721 233 2776 ‘Bautae
247 2725 355 2785 requires
366 2726 396 2774 iis
408 2735 433 2773 to
443 2724 563 2785 complete
577 2724 609 2773 its
622 2724 749 2784 meaning3
766 2723 810 2772 bur
822 2721 914 2772 Caesar
923 2738 980 2771 usu-

61 2781 111 2848 ally
123 2785 198 2834 omits
209 2784 250 2834 the
261 2783 474 2845 pronounisalter
483 2786 623 2846 quicunqne.
655 2783 779 2840 Seeilo,
792 2783 833 2830 vii.
844 2785 867 2830 4.
914 2825 918 2834 ,

28 2924 33 2932 ,
90 2873 166 2922 ‘The
174 2874 234 2920 verb
242 2874 364 2934 possidere
371 2871 507 2932 frequently
516 2871 625 2932 signifiss
636 2881 677 2920 not
689 2869 768 2920 actual
779 2869 926 2932 possession,
937 2870 980 2918 but

63 2931 105 2982 the
116 2932 249 2994 beginning
260 2931 288 2980 of
294 2931 448 2990 possession;
466 2930 518 2979 that
529 2931 558 2988 is,
574 2937 613 2979 ‘to
624 2931 680 2980 take
692 2930 833 2991 possession
842 2928 884 2978 ol!

65 3017 242 3138 y{hgiqrucedere
251 3017 273 3066 is
283 3015 341 3066 ltere
352 3016 413 3066 used
424 3016 449 3064 in
460 3015 502 3065 the
512 3031 584 3064 sense
592 3015 620 3064 ol
627 3015 669 3064 the
679 3014 766 3076 simple
775 3016 834 3129 serp
841 3017 927 3070 cedere,
942 3017 981 3062 ‘to

92 3161 228 3223 'Namely‚
243 3164 381 3224 respondere
389 3179 399 3218 ,·
417 3161 470 3210 that
485 3162 515 3219 is,
529 3161 594 3210 what
609 3161 728 3222 appeared
742 3170 768 3209 to
783 3160 833 3209 him
849 3160 912 3220 right
928 3159 980 3208 that

12 3239 14 3244 ·
65 3221 95 3270 he
111 3222 198 3272 should
214 3235 322 3278 answer;
340 3221 405 3268 what
421 3221 471 3269 this
487 3237 547 3279 uras,
560 3235 598 3270 we
614 3221 688 3270 know
698 3231 749 3278 not,
762 3235 788 3269 as
804 3219 895 3268 Caesar
911 3219 980 3280 gives

67 3281 122 3344 only
133 3282 174 3330 the
185 3279 326 3330 oonolusion
336 3279 364 3328 ol
371 3280 409 3330 his
420 3279 517 3341 speech.
