2272 3788
436 311 537 354 cicun
557 309 608 353 vn.
642 317 644 322 ¹
931 290 988 350 189

59 419 166 474 norum
183 435 245 474 esse
263 417 378 473 alterum
395 417 645 488 Conuictolitauem,
659 418 801 473 florentem
813 427 841 471 et
855 417 986 471 illustrem

59 488 282 558 adolescentem,
301 488 417 542 alterum
433 490 536 558 Cotum,
553 489 745 558 antiquissima
762 487 866 542 semilis
885 499 986 556 natum,

60 566 144 628 atque
157 559 247 628 ipsum
260 557 399 612 hominem
418 575 542 612 summae
560 558 695 628 potentiae
714 566 741 610 et
759 573 874 626 magnae
891 573 986 625 cogna-

61 627 142 680 tionis
150 629 167 696 5¹
180 627 259 697 cdjus
269 626 352 680 frater
363 627 520 681 Valetiacus
531 627 653 697 proximo
665 644 735 680 anno
747 627 877 680 eumdem
889 627 986 695 magis·

60 705 164 750 tratum
186 696 313 766 gesserit:
332 696 470 750 civitatem
496 712 605 750 omnem
625 713 685 750 esse
709 697 736 750 in
759 697 848 764 armis,
869 697 985 750 divisum

61 776 198 836 senatum,
212 765 329 820 divisum
375 766 477 836 pulum,
492 775 555 819 suas
573 766 705 836 cujusque
725 782 818 819 eorum
836 765 985 818 clientelas.

61 835 142 894 Quod
161 835 184 888 si
202 833 304 888 diutius
321 843 408 889 astur
426 836 613 904 controversia,
628 835 692 906 iore,
705 836 744 890 uti
757 852 891 906 perseum
911 844 986 906 parte

61 903 182 959 civitatis
199 905 343 984 conihgatj
361 903 389 958 id
406 921 444 958 ne
460 905 573 976 accidat,
591 905 708 975 positum
725 905 752 958 iu
771 903 831 975 ejus
849 903 987 973 diligentia

61 982 148 1044 atque
159 981 326 1027 auctoritate.

99 1047 142 1096 33.
162 1039 267 1113 Caesar,
281 1041 332 1096 etsi
344 1041 444 1097 abella
462 1052 544 1114 atque
562 1041 640 1096 hoste
658 1042 797 1097 discedere
815 1042 986 1096 detrimento·

62 1113 137 1166 sum'
155 1129 216 1166 esse
234 1112 406 1168 existimabat
431 1120 525 1166 tamen
540 1129 593 1165 non
612 1113 743 1182 ignorans,
763 1121 863 1182 quanta
881 1129 915 1165 ex
934 1113 986 1164 dis-

62 1181 238 1236 sensionibus
260 1182 379 1235 incorum
415 1198 432 1234 a
450 1181 511 1234 oriri
531 1189 714 1251 consuessent,
734 1199 768 1234 ne
789 1190 863 1234 tanta
883 1191 911 1234 et
931 1191 985 1236 tarn

62 1248 209 1320 conjuncta
221 1251 320 1322 populo
331 1251 450 1305 Romano
455 1251 562 1320 civitas,
573 1267 657 1320 quam
668 1250 726 1320 ipse
738 1267 847 1320 semper
857 1250 988 1321 aluisset,³

62 1317 245 1390 omnibusque
264 1319 345 1374 rebus
361 1329 489 1391 ornasset,
505 1319 539 1372 ad
555 1321 611 1374 vim
630 1327 711 1391 atque
729 1319 763 1372 ad
781 1336 857 1374 arma
875 1319 987 1376 descen·

63 1389 152 1460 deret,
170 1399 252 1458 atque
271 1405 307 1442 ee
323 1405 392 1460 pars,
407 1405 477 1458 quae
497 1389 587 1442 minus
605 1387 658 1442 sibi
680 1388 834 1458 confideret,
854 1389 953 1442 auxilie
972 1405 987 1442 a

62 1458 284 1528 Vercingetorige
301 1467 458 1528 arcesseret,
472 1458 536 1512 huic
554 1458 592 1510 rei
610 1457 834 1528 praevertendum
853 1459 989 1512 existima·

63 1527 121 1594 vit5
140 1536 167 1579 et
182 1527 253 1607 quod
271 1527 376 1596 legibus
388 1528 545 1581 Aeduorum
563 1527 613 1597 his,
626 1526 674 1597 qui
693 1543 830 1580 summum
849 1529 988 1596 magistra·

65 1594 298 1667 tum-obtinerent,
312 1597 445 1650 excedere
465 1613 499 1650 ex
516 1596 616 1650 finibus
634 1613 685 1648 non
704 1595 806 1665 liceret,
820 1613 854 1649 ne
871 1597 934 1666 quid
953 1597 988 1648 de
1034 1613 1035 1616 ¹

62 1665 124 1736 jure
138 1675 196 1719 aut
219 1665 254 1720 de
277 1665 384 1734 legibus
407 1683 502 1719 eorum
525 1664 692 1719 deminuisse
713 1664 857 1735 videretur,
879 1667 938 1734 ipsc
962 1665 989 1717 in

63 1733 177 1789 Aeduos
193 1735 326 1806 proficisci
345 1736 438 1788 statuit
456 1743 635 1804 senatumque
654 1744 818 1804 ornnem,et
836 1751 904 1810 quos
922 1736 989 1787 inter

64 1805 247 1858 controversia
265 1812 345 1874 esset,
357 1804 394 1857 ad
413 1821 443 1858 se
461 1805 611 1858 Decetiam⁴
628 1804 760 1856 evocavit.
797 1804 888 1863 Quum
907 1821 988 1874 prope

64 1873 155 1934 omnis
167 1873 263 1928 civitas
276 1889 308 1926 eo
320 1874 499 1942 convenisset,
513 1873 716 1943 docereturque,
729 1874 825 1944 paucis
843 1873 914 1926 clam
927 1891 989 1926 con-

63 1942 182 2012 vocatis,
195 1942 249 1995 alio
268 1943 334 2012 loeo,
353 1942 405 1996 alio
426 1951 555 2014 ternpore,
573 1951 656 2013 atque
675 1943 826 2013 oportuerit,
846 1943 955 1996 fratrem
974 1960 991 1996 a

64 2010 149 2068 fratre
171 2011 377 2082 renunciatum,⁵
396 2029 481 2082 quum
502 2012 577 2080 leges
597 2011 649 2066 duo
669 2029 703 2065 ex
723 2029 777 2066 uua
797 2013 908 2082 familia,
930 2014 990 2067 vivo

64 2089 189 2151 utroquo,
202 2097 255 2134 uon
273 2081 360 2134 solutu
378 2081 553 2151 magistratus
569 2081 653 2152 creari
667 2091 794 2152 vetarent,
809 2083 856 2136 sed
870 2084 989 2137 etiamid

64 2159 165 2214 senatu
178 2167 239 2204 esse
252 2149 439 2221 prohiberent,
454 2151 554 2204 Cotum
573 2150 715 2222 imperium
734 2151 868 2221 deponere
886 2153 974 2222 coegit
983 2170 991 2221 5

64 2219 316 2287 Conuictolitauem,
341 2220 388 2290 qui
412 2237 460 2290 per
483 2220 638 2273 sacerdotes
661 2234 736 2272 more
760 2222 885 2291 civitatis,
911 2223 990 2274 inter-

63 2289 167 2344 missis
179 2289 389 2359 magistratibus,
398 2298 472 2342 esset
481 2297 595 2354 creatus,
605 2297 765 2358 potestatem
776 2291 896 2343 obtinere
904 2291 990 2360 jussit.

99 2361 143 2412 34.
162 2357 220 2412 Hoc
238 2357 348 2412 decreto
367 2357 532 2428 interposito,
545 2357 698 2410 cohortatus
710 2358 829 2428 Aeduos,
843 2369 873 2411 ut
891 2362 992 2413 contie-

95 2507 234 2571 ¹Coguctic
249 2509 271 2558 is
287 2508 353 2559 what
369 2524 407 2557 we
423 2507 471 2557 cell
484 2507 582 2568 ‘family
593 2477 753 2564 counexiom'
771 2507 814 2556 the
830 2469 990 2567 moenianis,

66 2561 113 2616 “he
124 2565 173 2616 had
183 2568 315 2629 mauyand
325 2566 443 2630 powerlul
454 2566 586 2616 relations!
774 2581 777 2586 ’

93 2639 315 2690 ’Damnosus
330 2655 416 2691 occurs
431 2638 492 2700 only
502 2639 528 2688 in
542 2637 591 2688 this
608 2653 720 2700 passage,
734 2639 781 2688 and
797 2639 906 2700 signifies
920 2653 993 2702 ’very

64 2699 229 2751 detrimental’
241 2715 268 2749 or
281 2699 430 2761 ‘iujuriorm'
454 2719 458 2726 ’
676 2723 677 2730 1

94 2774 187 2822 ’Alere
197 2772 255 2822 here
266 2772 375 2833 significa
388 2777 430 2820 ‘to
440 2769 533 2820 levour’
546 2785 573 2819 or
586 2771 718 2831 ‘support’

93 2847 210 2906 fDecetic
220 2845 242 2894 is
252 2861 283 2894 su
294 2845 374 2894 uland
384 2845 410 2894 iu
420 2843 461 2893 the
473 2844 536 2894 river
547 2843 642 2906 Ligeris
655 2843 754 2901 (boire),
767 2844 814 2893 end
830 2843 872 2892 the
888 2860 956 2894 same
972 2845 993 2894 is

65 2919 123 2956 now
134 2904 212 2954 called
223 2903 320 2956 Deoise.

94 2977 276 3034 ‘Rmumiorc
292 2982 332 3026 ‘to
347 2976 419 3026 elect’
432 2992 459 3025 or
472 2955 593 3033 ‘created
612 2977 654 3024 but
671 2976 713 3026 the
729 2991 816 3040 proper
831 2977 991 3038 meeuing‘is,

68 3043 108 3088 ‘to
119 3037 246 3087 auuohnce
256 3035 310 3085 that
320 3052 335 3085 a
345 3051 435 3096 person
442 3035 489 3084 'has
501 3035 563 3083 been
574 3034 686 3083 elected)

94 3111 263 3166 'Istmmissis
281 3111 462 3178 magistratibus
481 3108 502 3156 is
519 3108 648 3214 explained
667 3110 701 3168 by
716 3123 794 3166 some,
815 3108 932 3158 ‘without
951 3109 993 3158 the

83 3170 153 3220 attici
170 3168 274 3218 etionof
286 3168 328 3217 the
345 3167 518 3229 magistmtes,’
532 3183 554 3214 w
574 3182 664 3215 owere
680 3167 777 3218 toheve
795 3170 857 3216 been
873 3167 993 3216 excluded

66 3186 131 3280 irem
142 3183 213 3277 thess
224 3227 356 3284 elections;
374 3229 418 3275 but
430 3227 448 3275 it
457 3241 541 3274 scetus
557 3241 623 3274 more
635 3227 750 3284 probable
761 3227 814 3274 that
827 3228 867 3275 th'e
880 3227 994 3287 meaning

67 3290 98 3348 is,
114 3293 154 3336 ‘at
170 3287 212 3336 the
227 3285 287 3334 time
298 3286 371 3334 when
386 3285 455 3334 there
467 3300 518 3332 was
534 3299 566 3332 no
582 3285 739 3344 magistratu
757 3285 808 3333 that
818 3286 850 3344 -is,
863 3286 936 3336 when
952 3285 993 3337 the

67 3346 212 3410 magistrate
223 3345 272 3395 had
281 3344 347 3402 diod,
360 3345 408 3394 sud
418 3344 492 3394 when
502 3343 570 3393 there
583 3358 634 3391 was
649 3345 799 3406 avaeauoy!
