2272 3788
446 269 538 314 mara
559 269 601 314 rr.
929 243 988 312 lffl

57 379 215 452 transducti,
236 395 271 434 ae
288 387 352 434 ante
370 388 475 450 partera
495 380 534 433 rei
554 376 677 433 militaris
695 374 806 432 laudem
824 375 985 442 amitterent,

56 453 206 506 fortissime
224 459 374 520 pugnantes
392 448 573 518 conciderunt.
608 447 728 500 Militum
747 462 816 516 pars,
830 444 924 498 horum
937 445 986 497 vir·

56 531 114 574 tute
134 520 268 574 submotis
283 518 412 586 hostibus,
426 527 529 587 praeter
542 533 620 587 spem
638 515 780 570 incolumis
792 514 819 568 in
830 524 917 568 castra
929 530 987 584 per·

57 590 149 658 reuit;
216 605 258 640 sa
268 587 390 642 barbaris
402 587 586 640 circumventa
596 585 684 664 periit.

91 665 139 712 41.
171 661 178 680 ¹
201 657 293 726 rmsni,
306 656 447 736 desperata
458 663 653 735 expugnamus
671 662 825 722 castrorum,
838 651 910 722 quod
928 667 986 705 nos·

57 736 112 780 tros
130 727 189 796 janu
200 726 350 780 constitisse
363 743 390 778 rn
403 723 597 788 munitionibus
609 722 743 792 videbant,
757 738 821 775 cum
833 738 866 774 ea
878 721 985 790 praeda,

56 813 143 866 quam
161 795 189 848 in
205 791 283 848 silvis
300 795 487 863 deposuerant,
507 801 580 846 trans
597 791 721 846 Rhenum
741 807 801 844 sese
820 797 986 861 receperunt.

56 869 98 920 Ac
120 873 214 920 tantus
233 864 282 916 luit
301 863 385 916 etiam
403 871 463 934 post
482 861 634 914 discessum
658 860 776 917 hostium
795 869 884 928 terror,
906 866 935 912 ut
955 874 988 912 ea

55 943 147 1003 nocte,
167 947 253 1002 quum
271 932 301 986 C.
321 931 473 986 Volusenus
495 929 596 984 missus
619 944 684 984 cum
703 930 824 999 equitatu
847 929 880 982 ad
900 937 988 981 castra

57 1003 189 1070 recuset,
202 1001 284 1055 fidem
304 1019 356 1054 non
376 999 603 1069 laceret,¹adesse
623 1015 685 1052 cum
705 997 832 1052 incolumi
844 999 988 1052 Caesarem

57 1071 192 1126 exercitu.
240 1071 284 1132 Sic
307 1070 427 1124 omnium
449 1069 553 1122 animos
576 1067 655 1120 timor
678 1075 925 1138 praeoccupaverat,
950 1076 987 1137 ut,

57 1157 147 1210 paene
158 1139 277 1193 alienata
288 1141 398 1208 meate,'
412 1138 513 1192 deletis
523 1136 650 1191 omuibus
668 1136 753 1208 copiis
770 1137 919 1206 equitatum
931 1145 991 1190 tan-

57 1218 119 1262 tum
140 1225 172 1262 sc
190 1224 228 1262 ax
239 1208 305 1278 luga
315 1207 450 1278 recepisse
462 1207 590 1276 dicerent,
604 1205 700 1276 neque,
714 1205 840 1260 incolumi
853 1207 993 1276 exercitu·

57 1279 210 1332 Germanos
232 1286 354 1333 castras
374 1286 536 1347 pugnaturos
558 1275 641 1328 luisse
664 1275 865 1330 contenderent.
900 1275 990 1337 Quem

57 1348 189 1402 timorem
200 1346 322 1400 Gesseris
369 1356 466 1399 ventus
477 1344 592 1398 sustulit.

93 1420 139 1470 42.
158 1415 293 1470 &remus
312 1414 365 1486 ille,
379 1416 501 1468 eventus⁴
512 1411 576 1467 belli
595 1430 647 1468 nou
667 1412 799 1484 ignoraus,
812 1429 904 1483 unura,
918 1413 989 1484 quod

55 1484 232 1540 cohortesex
243 1486 358 1538 statione
377 1492 404 1536 et
423 1483 556 1554 praesidio
574 1493 665 1536 essent
684 1483 812 1552 emissae,
839 1491 942 1550 uestus,
954 1499 991 1536 ue

51 1554 176 1608 minimo
188 1552 301 1622 quidem
312 1557 388 1608 casu·
399 1552 487 1606 locum
500 1553 615 1622 relinqui
633 1551 771 1621 debuisse,
781 1569 809 1605 ra
840 1560 898 1604 tum
910 1549 991 1604 lortu·

54 1626 167 1678 aem-in
179 1623 319 1691 repentiuo
333 1622 450 1678 hostium
462 1622 581 1676 adventu
594 1623 713 1692 potuisse
729 1620 860 1692 judicavit
868 1621 886 1689 3⁸
905 1618 992 1672 multo

56 1692 148 1746 etiam
159 1691 285 1762 amplius,
298 1692 468 1762 quod'paene
484 1691 521 1746 ab
539 1691 598 1763 ipso
610 1691 681 1744 uallo
697 1691 832 1762 portisque
844 1697 991 1743 castrorum

59 1761 353 1830 barbarosarertisset.
389 1761 508 1821 Quarum
521 1761 642 1814 omnium
661 1775 750 1814 rerum
768 1759 888 1814 maxime
904 1757 992 1811 admi·

60 1829 178 1884 randum
199 1829 348 1899 videbatur,
369 1830 440 1912 quod
460 1830 598 1899 Germani,
618 1829 665 1900 qui
685 1846 718 1882 eo
737 1829 847 1884 consilio
866 1827 991 1882 Rhenum

61 1899 232 1969 transierant,
257 1908 287 1953 ut
309 1899 475 1979 Ambiorigis
496 1899 566 1952 lines
588 1899 623 1952 de
657 1897 812 1969 palarentur
845 1897 880 1952 ad
904 1906 992 1952 castra

60 1969 246 2092 {topiariorum
257 1968 348 2040 delati,
360 1968 558 2041 optatrssimum
569 1970 623 2022 Am
646 1969 651 1978 '
672 1968 718 2038 rigi
736 1968 805 2024 bene
843 1967 900 2024 ium
917 1966 1005 2022 ohta·-

72 2047 154 2092 errat.

86 2111 144 2161 -43,
160 2107 269 2179 Caesar,
291 2123 382 2163 rursus
404 2107 439 2161 ad
457 2106 597 2161 vexandos
620 2107 711 2162 hostes
730 2107 874 2179 profectus,
896 2122 995 2175 magno

62 2185 160 2232 coacto
179 2179 299 2232 numero*
319 2195 354 2232 ex
371 2177 494 2232 finitimis
513 2176 672 2258 civitatibus,
686 2178 712 2230 in
732 2193 827 2232 omnes
845 2185 935 2247 partes
953 2175 994 2228 di·
1051 2181 1055 2188 ‘

61 2247 158 2300 mittit.
194 2247 296 2300 Omnes
307 2247 361 2300 vici
372 2255 453 2316 atque
465 2246 555 2299 omnia
566 2246 663 2299 aeditic
712 2263 781 2317 quae
801 2247 913 2315 quisque
931 2260 994 2297 eon·

55 2324 198 2392 tepesceret,
206 2316 430 2370 incendebantur:
443 2315 544 2386 praeda
559 2333 595 2370 ex
612 2316 684 2372 oruni
703 2333 736 2368 us
754 2315 821 2368 locis
839 2314 968 2384 agebatur
977 2313 996 2366 :⁸

95 2415 103 2444 ¹
112 2413 197 2462 Fidem
207 2415 375 2475 alicaisacere,
390 2419 431 2462 ‘to
442 2414 514 2462 make
525 2431 540 2462 a
549 2429 637 2480 person
647 2414 759 2462 believe)

93 2486 230 2534 'Alienatus
238 2495 323 2542 mesre,
339 2486 445 2548 ‘having
454 2487 545 2535 almost
553 2487 604 2535 lost
614 2486 678 2536 their
687 2485 791 2533 sauses!

95 2557 232 2606 ’halma'
242 2560 344 2607 meua
355 2559 375 2606 is
386 2559 430 2607 tho
440 2559 548 2608 ablative
556 2559 678 2614 absolute,
691 2557 737 2606 and
749 2557 793 2605 bas
808 2554 851 2604 the
860 2556 927 2604 loros
940 2554 969 2603 ol
980 2571 998 2606 s

64 2617 215 2666 conditional
227 2616 323 2665 clause:
343 2616 379 2665 ‘il
390 2618 432 2665 tha
443 2633 512 2678 army
522 2618 571 2667 had
581 2620 643 2666 been
654 2615 822 2676 unimpairsd!

94 2689 227 2738 asemas
238 2691 259 2740 is
269 2690 313 2742 the
324 2691 463 2740 amantiss
473 2689 692 2752 plural-uamsly,
707 2690 766 2739 ‘the
774 2689 872 2738 suiuus
887 2687 935 2737 arrd
951 2702 997 2736 un-

65 2749 162 2800 certain
173 2747 280 2797 chancas
290 2750 318 2798 ol'
325 2750 393 2798 war.²
470 2753 473 2758 '

95 2825 106 2854 ⁵
118 2821 186 2871 Cura
195 2821 216 2869 is
227 2833 258 2870 an
269 2822 365 2872 ancient
374 2821 474 2870 lorrrrol
481 2822 522 2870 the
533 2821 616 2871 dative
625 2821 721 2870 instead
729 2821 757 2870 of
762 2824 838 2870 casei.
861 2821 908 2869 See
917 2821 949 2868 vi.
956 2821 997 2866 44.

95 2894 248 2944 ‘dedicaria
272 2893 344 2943 'This
361 2895 443 2944 deuse
454 2895 564 2943 contains
580 2895 622 2942 the
634 2895 809 2943 circumstance
821 2909 848 2943 or
858 2892 995 2942 considers·

66 2956 119 3004 tion
127 2956 165 3062 ,iii
173 2953 254 3001 which
266 2951 484 3022 Caesarconsoled
494 2952 597 3003 himself
602 2952 640 3002 lor
648 2953 690 3002 tha
699 2953 781 3014 things
792 2953 820 3002 ol
828 2951 907 3001 which
919 2952 943 3000 in
954 2951 998 2999 the

64 3025 125 3075 proc
158 3027 201 3074 rag
211 3012 295 3060 clause
306 3013 338 3061 he
348 3013 509 3074 complaured.

97 3085 206 3134 'Coeno
221 3099 331 3144 numeru
349 3085 442 3134 instead
454 3085 482 3134 ol
494 3085 544 3134 this
559 3083 664 3135 ablativa
681 3083 802 3142 absolute,
815 3078 907 3134 Caesar
917 3065 996 3146 might

66 3145 204 3254 23³&qu
214 3145 406 3194 the-accusative
414 3154 516 3194 wodan
524 3161 657 3202 namn,
667 3145 805 3208 dependent
814 3157 879 3205 upon
887 3143 929 3192 the
937 3144 1000 3192 verb

149 3223 177 3251 ,,
512 3226 516 3232 .
555 3231 556 3236 ,

95 3277 206 3340 ‘Agere
219 3276 294 3346 yrhen
308 3277 370 3326 used
385 3277 416 3324 iu·
425 3277 569 3346 oopuecticn
579 3276 640 3344 reith
656 3277 740 3337 booty,
752 3276 871 3326 indicates
886 3274 946 3324 that
955 3274 1000 3324 the

68 3340 146 3399 booty
158 3345 264 3444 {gustate
274 3335 303 3386 ol
314 3335 398 3392 cattle,
410 3335 492 3384 which
502 3335 655 3440 arer‘drrveu
665 3337 752 3395 away!
