2296 3796
69 447 165 510 quarto
177 445 364 517 pervenerunt,
377 453 461 509 quum
473 446 501 493 st
513 445 620 510 propter
630 437 742 492 vulnera
751 435 867 492 militum
879 445 907 492 et
918 453 993 520 prop·

69 520 110 562 ter
122 509 292 580 sepulturam
304 525 450 562 occisorum
462 509 543 562 nostri
561 508 678 562 triduum
690 509 784 561 moreti
796 525 842 560 eos
853 525 930 578 sequi
942 525 994 562 nott

69 580 230 648 potuissent.
268 578 364 630 Caesar
380 578 416 630 ad
434 577 566 646 Lingonas
583 576 673 630 literas
690 578 848 646 nuntiosque
864 579 937 631 misit
958 593 993 632 ue

68 666 117 702 eos
128 648 266 701 frumento
278 663 346 700 neve
357 647 409 700 alia
421 663 449 700 ie
459 646 596 717 juvarent:
613 647 658 716 qui
670 647 692 698 si
707 647 840 717 'avissent
854 664 884 700 ss
896 663 912 700 e
948 663 994 702 em

68 717 137 787 loco,
151 733 206 788 quo
223 716 368 787 Helvetios,
381 716 544 771 habiturum.
580 717 641 786 Ipse
660 663 744 771 triduo
762 717 912 770 intermisso
930 733 994 772 cum

68 787 200 842 omnibus
211 787 295 855 copiis
306 793 352 839 eos'
364 787 441 857 sequi
452 787 549 856 coepit.

105 862 152 910 27.
171 856 288 908 Helvetii
299 856 419 910 omniurn
432 872 522 909 rerum
540 855 627 924 inopia
638 853 747 908 adducti
759 854 861 924 legatos
872 855 907 908 de
918 854 993 909 dedi·

69 927 143 979 tione
155 925 192 978 ad
205 942 269 978 eum
282 925 419 978 miseruut.
448 925 500 984 Qui
511 941 575 978 cuni
587 941 651 978 eum
664 927 690 978 in
703 925 795 978 itinere
807 925 994 980 convenissent

69 1013 157 1066 seque
165 994 202 1047 ad
211 994 296 1064 pedes
304 994 477 1064 projecissent
486 994 692 1064 suppliciterque
700 995 782 1048 locuti
794 995 890 1049 flentes
898 1009 994 1064 pacem

68 1065 213 1136 petissent,
222 1073 302 1132 atque
311 1081 358 1116 eos
366 1064 392 1117 iu
401 1081 433 1116 eo
441 1063 507 1132 loco,
516 1080 569 1133 quo
582 1073 745 1134 tumescent,
756 1081 836 1118 suum
847 1063 995 1118 adventum

68 1144 231 1214 exspectare
239 1132 538 1203 jussisee1,²paiuerunt.
565 1133 753 1202 Eopostquain
761 1134 993 1212 Caesarperuenit,

70 1203 189 1273 obsides,
202 1219 285 1272 aima,
298 1219 395 1272 servos,
408 1203 454 1324 qui
465 1202 500 1256 ad
512 1219 559 1256 eos
571 1203 756 1272 perfugissent,
766 1211 893 1273 poposcit.
923 1204 995 1258 Dum

69 1273 114 1326 ea'
122 1273 315 1342 conquiruntur
323 1280 350 1326 et
359 1289 407 1326 con
420 1281 535 1342 ciuntur,
546 1283 622 1326 nocte
632 1273 791 1326 intermissa'
799 1273 902 1326 circiter
910 1271 994 1326 homi·

71 1358 138 1396 uum
150 1343 273 1396 iniliavi.
283 1341 343 1412 ejus
354 1342 423 1412 pagi,
451 1343 478 1394 ui
491 1341 657 1410 Verbigenus
668 1342 825 1412 appellatur,
835 1343 891 1394 sive
900 1343 994 1396 timore

70 1413 212 1483 perterriti,
233 1428 267 1464 ne
287 1411 369 1465 arinis
392 1359 496 1465 traditis
518 1429 568 1481 sup
586 1411 646 1463 licio
670 1411 846 1479 afficerentur,
866 1411 922 1464 slve
945 1427 994 1482 spe

71 1482 170 1535 salutis
180 1481 289 1550 inducti,
302 1481 373 1552 quod
391 1481 418 1534 in
435 1489 509 1534 tanta
525 1429 697 1534 multitudine
715 1478 901 1533 dediticiorum
917 1496 994 1535 suam

70 1550 167 1620 fugam
185 1560 231 1604 aut
249 1551 382 1620 occultari,
395 1559 442 1603 aut
460 1551 566 1604 omnino
585 1550 697 1618 ignorari
714 1565 792 1618 posse
804 1549 993 1620 existimarent,

70 1621 161 1690 prima
178 1629 256 1674 nocte
275 1637 290 1673 e
308 1621 403 1673 castris
420 1620 602 1676 Helvetiorum
619 1619 719 1690 egressi
730 1618 765 1672 ud
776 1618 901 1672 Rhenum
915 1618 994 1672 fines·

71 1690 334 1762 queGerruanorum
345 1689 546 1743 contenderunt.
648 1755 650 1760 Ι
988 1739 990 1744 .

107 1754 161 1812 28.“
172 1759 248 1818 Quod
266 1759 313 1812 ubi
330 1759 428 1812 Caesar
446 1761 543 1829 resciit,
556 1774 674 1828 quorum
684 1773 731 1828 per
744 1757 812 1812 fines
828 1757 932 1827 ierant,‘
942 1755 993 1828 his,

71 1828 111 1882 uti
131 1829 319 1908 conquirerent
338 1837 365 1882 et
385 1827 550 1897 reducerent,
570 1828 593 1880 si
612 1827 784 1901 sibipurgati
804 1843 865 1880 esse
884 1825 937 1880 vell
975 1835 993 1898 t,

70 1898 229 1968 imperavit:
260 1897 383 1952 reductos
412 1897 439 1951 in
465 1897 582 1950 hostiurn
604 1913 716 1950 numero
739 1897 847 1952 habuit:
879 1897 945 1967 reliq
964 1913 995 1950 os

70 1983 169 2020 omnes
179 1966 428 2089 obsidibusqrarruis,
442 1967 517 2036 perfu
538 1967 561 2019 is
579 1966 680 2019 traditis
698 1968 725 2022 in
742 1966 906 2021 deditionem
917 1963 994 2020 ttuoc·¹

70 2037 130 2106 pit.l
157 2036 302 2105 Helvetios,
340 2036 451 2106 ulingos,
465 2037 529 2090 Lato
549 2037 618 2104 rigos
630 2036 657 2089 in
668 2035 737 2089 fines
754 2053 823 2105 suos,
836 2036 907 2090 uude
919 2045 995 2090 etant

70 2105 194 2176 profecti,
209 2106 401 2228 revertipumit,
415 2115 442 2159 et
454 2105 524 2227 quod
536 2104 661 2158 omuibus
672 2105 792 2174 frugibus
803 2106 910 2160 amissis
921 2105 995 2160 domi

70 2175 139 2232 nihil
158 2187 221 2244 eret,
241 2193 293 2244 quo
322 2191 412 2228 ameni
431 2183 457 2228 to
468 2182 580 2244 erarent,
593 2174 779 2244 Allobrogibus
797 2176 945 2244 imperavit,
964 2183 995 2230 ut

70 2245 115 2298 his
135 2244 262 2298 frumenti
281 2245 385 2314 copiam
406 2243 550 2297 facerentz⁸
569 2245 576 2296 i
597 2260 640 2296 soe
659 2243 757 2314 oppida
775 2244 907 2315 vicosque,
927 2261 995 2314 quos

71 2314 254 2383 incenderant,
275 2314 415 2368 restituere
436 2313 523 2384 jussit.
558 2263 596 2366 id
609 2330 642 2366 ea
664 2314 782 2366 maxime
802 2314 902 2379 ratione
921 2313 993 2383 fecit,

70 2383 144 2454 quod
157 2383 240 2437 noluit
252 2400 315 2436 eum
329 2383 426 2452 locum,
441 2382 511 2436 uude
523 2382 638 2436 Helvetii
650 2382 835 2452 discesserant,
845 2399 948 2450 vacare,
959 2399 994 2437 ne

71 2462 179 2524 propter
192 2453 337 2506 bonitatem
353 2469 476 2522 agrorum
487 2452 621 2522 Germani,
635 2453 681 2521 qui
700 2462 771 2504 tiaris
788 2451 911 2505 Rhenum
923 2452 993 2506 inco·

101 2653 108 2681 ¹
119 2649 176 2697 The
188 2648 283 2706 subject
294 2647 322 2695 of
328 2648 445 2708 jussisset
456 2647 477 2696 is
490 2647 589 2706 Caesar,
602 2647 720 2710 although
731 2647 756 2696 in
770 2647 812 2696 the
828 2647 880 2697 first
896 2657 949 2708 part
964 2651 991 2698 of

70 2709 113 2758 the
125 2720 241 2757 sentence
253 2707 293 2759 the
305 2707 399 2767 subject
411 2707 432 2755 is
443 2706 558 2756 Helvetii.

84 2784 109 2889 h’
117 2781 214 2901 ’ἔὴὶὲοα
225 2781 282 2830 hei'c
293 2780 425 2840 comprises
436 2780 477 2830 the
488 2797 545 2830 men
555 2797 583 2830 us
593 2781 650 2830 well
667 2797 694 2830 as
710 2781 760 2848 the·
769 2797 841 2832 arins.
873 2782 993 2842 Compare

69 2857 142 2892 ce.
186 2875 192 2888 .

100 2913 154 2962 ³111
170 2913 213 2962 the
230 2913 298 2975 night
309 2913 390 2962 which
405 2929 473 2982 came
490 2915 603 2963 between
614 2914 660 2984 'the
677 2914 782 2974 promise
799 2915 846 2964 and
860 2914 900 2962 the
914 2914 993 2962 actual

70 2973 287 3093 ppprlpilijpgplpistehet
304 2974 333 3032 is,
347 2974 372 3022 in
387 2973 429 3022 the
444 2973 514 3034 night
529 2972 662 3034 following,
675 2989 702 3022 or
718 2973 779 3022 after
794 2973 852 3034 they
863 2972 911 3022 had
921 2972 992 3022 made

99 3106 214 3163 ‘fernum
234 3106 285 3154 that
296 3106 326 3163 is,
339 3109 374 3154 ire
383 3123 408 3154 ou
437 3115 513 3163 erum,
526 3105 562 3155 for
577 3105 707 3154 otherwise
724 3106 764 3154 the
776 3104 856 3154 words
871 3105 991 3166 cunquire·

72 3176 124 3214 rent
136 3165 184 3214 and
195 3169 331 3214 reducerent
339 3124 482 3214 couldehave
494 3179 525 3213 no
535 3180 615 3214 sense.

100 3251 158 3300 ὕΗε
170 3252 282 3301 received
293 3250 360 3300 them
372 3268 398 3300 us
409 3251 469 3312 they
479 3251 637 3301 surrendered
648 3261 673 3300 to
683 3251 735 3301 him
745 3261 770 3300 at
780 3250 917 3300 discretiori.

73 3338 220 3446 ⁹&thme
227 3339 310 3400 facere
320 3351 413 3396 meaos,
429 3341 469 3386 ‘to
479 3337 541 3386 liave
552 3336 644 3398 plenty,
657 3337 703 3386 and
714 3337 786 3386 make
798 3336 879 3386 others
889 3337 989 3399 pertolre
