2268 3786
884 171 892 202 Ι

173 305 230 368 lM
474 323 515 366 ιιι
536 325 634 366 amnuo
654 323 789 366 uiatico.

170 449 255 506 quum
273 435 361 505 eapite
381 434 436 488 solo
454 449 577 506 suaque
596 443 738 506 exstarent,
751 443 780 488 ut
801 433 891 488 hostes
909 435 1045 506 impetum
1056 435 1097 491 le-

170 503 278 574 gionum
291 515 372 574 atque
385 505 507 576 equitmn
525 505 656 559 sustinere
676 520 728 559 non
746 515 854 578 possent
867 506 989 576 ripasque
1002 505 1097 562 dimit·

171 577 266 628 rarent¹
278 591 311 627 ao
323 591 352 628 se
365 575 444 643 sugas
456 573 622 628 mandarent.

209 647 248 698 te.
268 645 491 715 Cassivellaunus,
515 654 545 697 ιιι
572 661 651 716 supra
674 643 923 715 demonstravimus,
947 645 1023 700 omni
1047 647 1096 702 de·

171 715 257 785 posita
275 732 323 786 spe
341 714 536 784 contentiouie,¹
547 713 664 767 dumosis
679 713 855 784 amplioribus
871 715 962 785 copiis,
981 715 1096 770 milibus

172 785 276 838 oiroiter
287 793 399 854 quatuor
411 785 606 838 essedariorum
623 783 729 854 relictis,
742 784 835 837 itinera
852 795 941 838 nostra
959 785 1096 840 servabat¹

171 853 365 926 paululumque
377 871 411 908 ex
423 854 466 906 via
484 853 640 928 excedebat,
655 853 773 934 lupisque
793 853 928 924 impeditis
947 871 980 907 ao
999 855 1094 909 silves

171 923 256 977 tribus
276 941 336 976 sese
356 923 506 977 occultabat
525 932 605 992 atque
625 923 658 976 iis
678 923 836 992 regionibus,
856 923 956 994 quibus
974 942 1025 979 uos
1045 926 1095 979 iter

171 993 286 1046 fauturos
298 1000 463 1063 cognoverat,
477 1009 572 1064 maora
584 1003 665 1064 atque
683 993 805 1046 homines
824 1009 858 1046 ex
876 994 947 1062 agris
965 995 992 1048 in
1011 995 1095 1050 silvas

171 1062 366 1133 compellebat:
393 1071 420 1115 et
440 1079 524 1133 quum
547 1064 682 1133 equitatus
704 1071 793 1115 noster
812 1061 923 1116 liberius
945 1065 1094 1134 praedandi

172 1132 347 1202 vastandique
360 1149 441 1185 oanea
460 1149 489 1185 se
507 1132 535 1186 in
552 1149 629 1254 apios
647 1131 803 1202 effunderet,
817 1134 941 1186 omnibus
954 1133 1007 1187 viis
1022 1135 1094 1188 notis

172 1202 327 1272 semitisque
340 1201 489 1254 essedarios
501 1219 535 1256 ax
547 1203 568 1254 si
581 1204 621 1254 vis
638 1203 777 1256 emittebat
789 1210 816 1255 et
828 1219 925 1270 magno
943 1219 1009 1256 eum
1026 1206 1095 1276 peri·

171 1271 232 1324 oulo
244 1279 419 1325 nostrorume
439 1273 526 1325 uirum
538 1285 601 1324 oum
619 1271 652 1324 iis
670 1271 836 1341 confligebat,
849 1279 929 1341 etque
949 1271 1001 1326 hoo
1019 1283 1095 1328 metu

171 1341 250 1394 latius
268 1342 358 1410 vagari
381 1357 427 1411 pro
448 1341 547 1395 ibebat.
589 1341 803 1411 Relinquebatur,
824 1350 854 1394 ιιι
877 1359 965 1411 neque
989 1342 1095 1414 longius

170 1410 207 1463 ab
223 1411 331 1481 agmine
350 1411 485 1478 legioniun
501 1410 603 1464 diseedi
621 1411 718 1464 Caesar
736 1421 875 1491 pateretur,
895 1420 1050 1466 attentum
1067 1417 1093 1468 iu

170 1480 241 1550 agris
269 1481 406 1534 vastandis
425 1479 610 1550 incendiisque
630 1480 761 1534 faoieudts
794 1479 913 1534 hostibus
942 1493 1092 1554 noceretur,

171 1560 301 1622 quantum
313 1550 403 1603 labore
415 1559 497 1621 atque
509 1549 602 1604 itinere
620 1550 757 1620 legionarii
775 1549 875 1604 milites
892 1549 1003 1607 efficere
1021 1563 1093 1625 pote-

171 1630 238 1675 rant.

207 1695 249 1744 2⁰.
258 1691 375 1745 'interim
384 1687 580 1770 ''l'rinobanteq⁴
589 1705 637 1760 pro
681 1689 835 1743 firmissime
847 1705 941 1743 aarum
954 1692 1093 1761 regionum

171 1760 273 1830 civitas,
286 1775 320 1814 ex
332 1775 385 1830 qua
396 1759 601 1813 Mandubratrus
612 1776 628 1812 a
647 1759 776 1830 olescens,
789 1760 910 1813 Caesaris
920 1759 1005 1815 fidem
1019 1779 1093 1816 secu·

159 1839 222 1900 ¹tus,
243 1830 276 1882 ad
299 1847 362 1884 euin
386 1829 411 1882 iu
435 1831 615 1898 oqntinentem
636 1828 751 1882 Galliam
773 1832 890 1882 venerat'
909 1829 1000 1952 (oup‘us
1019 1842 1094 1902 pater

171 1899 357 1953 Imanuentius
375 1899 402 1950 in
421 1915 454 1951 ea
465 1900 573 1952 civitate
586 1915 698 1967 regnum
715 1899 863 1952 obtinuerat
882 1900 950 1951 inter
961 1901 1093 1971 actusque

171 1976 229 2021 erat
240 1985 257 2020 a
268 1967 467 2022 cassivellauno
475 1985 482 2038 5
500 1969 558 2040 ipse
575 1967 639 2038 suga
656 1980 770 2021 mortem
782 1969 922 2038 vitaverat)
935 1969 1041 2040 legatos
1060 1972 1093 2025 ad

171 2033 313 2091 &enatem
327 2039 434 2091 mittunt
444 2038 603 2108 rpollioentur
623 2055 663 2108 ue,
678 2055 738 2091 sese
751 2039 776 2090 ei
788 2037 924 2091 dedituros
942 2049 1026 2110 atque
1045 2042 1092 2096 im·

171 2115 265 2177 perata
283 2107 414 2160 fauturos:
433 2115 546 2178 pellunt,
564 2117 593 2159 ut
644 2107 831 2161 andubratium
848 2107 883 2160 ab
899 2105 996 2178 injuria
1009 2109 1092 2164 Cassi·

171 2175 290 2230 vellauni
302 2176 429 2230 desendet
448 2186 530 2247 atque
549 2177 576 2230 in
596 2176 734 2242 uiritatem
752 2177 846 2247 mittat,
861 2177 906 2246 qui
925 2179 1027 2248 praesit
1046 2181 1092 2235 im·

172 2247 329 2318 pariumque
352 2247 477 2301 obtineat.
522 2245 570 2299 His
592 2247 690 2300 Caesar
709 2247 822 2316 imperat
845 2243 951 2301 obsides
974 2265 1021 2303 xa.
1042 2248 1093 2304 fru-

171 2326 350 2386 mentumque
368 2317 505 2386 exereitni‚
518 2315 790 2386 Mandubratiumque
808 2315 841 2368 ad
860 2333 906 2370 eos
923 2318 1014 2372 mittit.
1050 2319 1092 2374 llli

172 2385 303 2465 imperata
315 2386 435 2440 oelenter
447 2387 573 2456 lecerunt,
583 2386 690 2439 obsides
701 2385 734 2438 ad
747 2389 898 2440 numerum⁸
906 2385 1092 2460 frumentaque

172 2465 310 2510 miserunt.

208 2530 250 2579 21.
269 2526 474 2580 Trinobantibus
491 2523 612 2578 defensis
628 2532 709 2594 atque
721 2523 756 2576 ab
768 2524 840 2577 omui
859 2525 985 2580 militum*
997 2527 1094 2599 injuria

202 2704 540 2769 11)ιίιιιίιινιιιειοειίςιιιιὶοε,
556 2711 597 2755 ‘to
606 2705 748 2766 relinquish'
760 2721 788 2756 or
800 2707 942 2758 ‘abendon’

202 2778 285 2828 'Thai
298 2780 328 2837 is,
343 2780 385 2829 ‘ul
396 2781 438 2830 the
449 2795 547 2830 success
558 2779 587 2829 of
596 2796 612 2829 a
622 2780 748 2842 struggle!

202 2850 330 2910 'Servare
346 2859 386 2902 ‘to
396 2854 476 2903 warch
487 2852 597 2914 closely.⁴

202 2923 277 2974 *The
295 2926 456 2976 Trinobantes
472 2927 596 2977 inhabited
615 2926 657 2975 the
675 2927 777 2976 medem
794 2938 883 2990 oounty
898 2928 926 2979 oi
938 2929 1031 2990 Esses,
1050 2934 1095 2984 arrd

173 2985 238 3036 their
248 2986 344 3045 aspiret,
359 2986 566 3044 Camulodunum,
578 2987 600 3034 is
610 2986 652 3035 the
664 2987 765 3036 modern
774 2996 841 3037 town
854 2987 882 3036 ol
894 2988 1051 3042 Golobester.

202 3075 342 3134 ‘Compare
353 3077 384 3144 iv.
396 3082 433 3127 21.

203 3159 360 3218 ‘Numerum
378 3164 466 3225 supply
476 3165 643 3218 constitutam
660 3161 713 3214 ibat
728 3162 759 3219 it,
774 3161 919 3224 ‘tbepeent
935 3164 1057 3230 hortages
1071 3178 1095 3217 to

175 3217 218 3268 tlte
228 3231 327 3269 ameum
338 3222 449 3282 required
459 3221 487 3270 ol
498 3220 582 3270 them)

195 3305 214 3371 ᾖ
223 3303 333 3356 ms·
343 3307 364 3356 is
373 3323 389 3356 a
396 3306 663 3369 musetivspeuutvss
683 3306 759 3358 ‘from
767 3307 802 3358 all
811 3309 892 3370 iniusy
899 3309 1094 3365 wardastal-

177 3359 241 3412 diets
251 3365 329 3424 might
340 3365 414 3414 inflict
425 3382 491 3426 upon
501 3365 585 3414 them!
1110 3387 1114 3402 ·
