2272 3788
486 297 581 344 tran
600 301 640 344 rr.
950 285 1007 344 rot

72 413 200 466 sustinet.
230 411 508 468 ‘Circumfunduntur'
529 428 565 466 ex
587 410 696 481 reliquis
718 413 810 466 hostes
832 412 959 482 partibus
984 411 1007 464 ei

71 487 158 552 quent
171 483 278 538 editum
290 483 405 552 reperire
423 489 541 552 possent.
577 484 666 549 Aegre
684 481 764 533 nostri
783 491 871 550 portes
890 490 1005 549 tuentur,

73 554 193 622 reliquos
205 552 295 605 aditus
306 551 381 606 locus
393 553 451 622 ipse
468 567 516 622 per
534 567 564 603 se
582 550 749 620 munitioque
766 549 896 604 defendit.
932 551 1007 604 Totis

71 622 226 694 trepidatur
254 621 355 690 cestris,
379 631 463 690 atque
491 620 561 672 elius
590 635 625 672 ex
652 619 707 672 alio
734 635 845 674 cauum
876 621 1008 674 turnultus

71 691 198 762 quaerit5
221 707 311 760 neque
329 705 382 760 quo
401 693 478 758 signa
495 689 621 758 letantur,
640 703 830 758 nequequam
855 689 882 744 in
902 699 1006 760 partem

71 763 193 831 quisque
217 761 366 829 conveniat,
385 759 534 830 provident.
569 759 648 812 Alius
667 767 745 828 capto
761 757 822 828 jero
843 769 930 812 cestra
950 777 1006 829 pro·

71 828 188 884 nunciat
195 846 203 898 3
231 829 301 882 alius
326 829 416 882 deleto
445 829 565 881 exercitu
595 837 677 897 atque
706 829 868 898 imperatore
894 829 1007 882 victores

70 900 205 954 barbaros
223 900 330 952 ven-isse
349 897 502 952 contendit:
523 897 645 968 plerique
664 913 747 950 noras
765 897 817 952 sihi
836 915 870 954 err
889 898 947 950 luco
967 915 1006 951 re-

70 969 200 1039 ligiones¹
222 969 257 1022 fin
297 977 333 1038 nt,
357 969 505 1036 Cottaeque
528 978 562 1020 et-
579 967 677 1018 Titurii
697 965 887 1036 calamitatem,
909 969 955 1037 qui
979 969 1006 1022 in

70 1039 176 1092 eodem
194 1039 251 1093 occi
271 1038 338 1090 erint
357 1037 476 1106 castello,
495 1044 559 1089 ante
576 1035 668 1088 oculos
720 1045 794 1090 nunt.
831 1037 891 1090 Tali
911 1039 1005 1091 timore

70 1108 203 1161 omnibus
225 1107 371 1178 perterritis
397 1107 568 1160 confirmatur
585 1105 671 1174 opinio
685 1053 815 1175 ffirbsrie,
834 1115 865 1159 ut
888 1123 923 1162 ex
945 1125 1005 1176 cap·

70 1179 133 1230 tivo
151 1177 300 1246 audierant,
320 1145 425 1229 nulium
444 1191 505 1228 esse
526 1176 599 1228 intus
621 1174 804 1243 praesidium(
830 1176 1006 1247 Perrumpere

70 1247 199 1301 nituntur
222 1261 306 1314 seque
329 1245 379 1316 ipsi
408 1244 588 1314 adhortentur,
612 1260 647 1296 ne
677 1253 779 1300 tentem
809 1243 942 1300 lortnnanr
972 1263 1006 1298 ex

70 1315 204 1370 manibus
221 1314 365 1367 dimittent.
397 1363 398 1366 ,
494 1329 497 1334 ·
647 1315 649 1321 “

111 1389 155 1438 38.
187 1385 252 1438 Erat
274 1399 356 1452 aeger
373 1384 399 1436 in
419 1382 554 1453 praesidio
567 1381 677 1434 relictus
700 1383 730 1435 P.
751 1383 857 1436 Sentius
880 1383 1004 1454 Baculus,

70 1454 122 1526 qui
140 1449 258 1524 primurn
276 1453 365 1523 pilurn
379 1452 423 1505 ad¹
441 1452 586 1505 Caesarem
604 1450 725 1520 duxerat,
745 1451 823 1531 eujus
840 1454 1004 1506 mentionem

71 1521 258 1594 superioribus
270 1521 378 1593 proeliis
390 1521 524 1591 lechnus·
534 1537 567 1574 ec
582 1519 656 1572 diem
674 1519 729 1590 jam
743 1529 866 1589 quintum
885 1522 944 1575 cibo
962 1539 1006 1574 oe-

71 1601 175 1646 ruerat
211 1591 270 1660 Hic,
289 1591 396 1644 diffisus
412 1607 479 1643 suae
496 1600 579 1659 etque
596 1589 718 1642 omniurn
737 1589 824 1659 saluti,
844 1589 954 1645 inermis
971 1608 1006 1643 ex

71 1660 250 1715 tabernaculo
267 1659 369 1730 prodit:
395 1659 467 1712 ridet
485 1659 626 1712 imminere
646 1657 737 1711 hostes
753 1667 835 1728 etque
854 1659 881 1712 irr
900 1675 1006 1712 summo

72 1747 135 1784 rem
154 1745 215 1782 esee
233 1729 403 1784 discrimine:
425 1745 457 1782 ca
477 1728 496 1782 it
513 1743 589 1786 orme
606 1744 623 1779 a
640 1727 769 1796 proximis
786 1736 869 1797 atque
886 1729 914 1793 in
931 1737 1006 1798 ports

72 1798 206 1853 consistit.
242 1799 445 1868 consequuntur
457 1745 528 1850 Hunc
538 1799 711 1852 centuriones
729 1797 788 1866 ejus
799 1796 921 1866 cohortis,
935 1813 1005 1867 quse

72 1865 103 1921 in
124 1867 240 1922 statione
259 1875 331 1920 erat:
356 1867 502 1946 paullisper
519 1883 574 1920 una
591 1865 722 1936 proelium
740 1866 880 1920 sustinent.
917 1867 1005 1920 Relin-

72 1937 134 2008 quit
158 1937 276 1990 animus·
292 1935 421 2006 Sextium,
440 1936 567 2005 gravibus
590 1935 710 2006 acceptis
728 1936 900 1991 vulneribus:
924 1953 1005 2005 segre

72 2023 125 2078 per
143 2021 242 2059 manus
261 2013 361 2058 tractus
381 2013 512 2059 senatur-
545 2005 604 2058 Hoc
624 2005 708 2074 spatio
727 2005 889 2086 interposito,
909 2006 1005 2076 reliqui

74 2090 139 2130 sese
151 2075 308 2128 confirment
320 2081 432 2144 tanturn,
446 2082 476 2127 ut
487 2075 513 2127 in
526 2074 720 2128 munitionibus
731 2084 876 2131 consistere
888 2077 1005 2130 audeant

74 2143 253 2215 speciemque
265 2143 439 2198 defensorum
449 2143 615 2266 praebeant·
701 2175 705 2178 -

112 2217 156 2264 ³9.
181 2213 292 2265 Interim
310 2211 434 2282 confecta
464 2213 667 2284 rumentatione,
687 2213 788 2276 milites
805 2215 886 2268 nostri
907 2187 1005 2270 elamo-

75 2299 138 2336 rem
155 2281 304 2334 exaudiunt
311 2283 329 2350 ς’
345 2291 519 2360 praecurrunt
537 2281 649 2404 equites,
663 2292 762 2362 quanto
781 2301 824 2338 res
842 2283 920 2338 sitin
938 2286 1005 2365 peri.

75 2351 148 2420 culo,
161 2358 334 2420 cognoscunt.
370 2349 420 2404 Hrc
432 2367 495 2403 vero
512 2349 587 2406 nula
605 2359 715 2404 rnunrlro
734 2359 783 2421 est,
796 2370 867 2420 qnae
885 2363 1005 2424 pertern·

76 2428 120 2474 tos
132 2420 258 2490 recipiat:
279 2419 358 2473 modo
369 2419 512 2490 conscripti
523 2428 605 2490 etque
617 2436 683 2474 usus
695 2420 818 2474 militaris
837 2422 953 2491 imperiti
970 2423 1005 2476 ed

108 2611 117 2638 ¹
129 2607 304 2668 Circumfundi,
320 2611 359 2654 ‘tc
370 2605 452 2654 crowd
462 2605 571 2656 nround.¹

108 2680 266 2742 'Religionis
278 2693 318 2728 are
329 2678 393 2728 seers
404 2679 451 2728 and
459 2678 652 2738 apprehensione
662 2678 806 2742 erisinglcut
822 2680 850 2727 os
861 2695 876 2728 a
890 2680 1006 2740 religione

80 2756 107 2790 or
117 2737 397 2806 supernitiousseelin‘g.
425 2738 509 2786 These
517 2737 694 2807 ieelipgewere
705 2737 794 2807 roused
802 2738 827 2786 in
837 2738 886 2807 this
898 2739 1007 2792 instance

79 2797 165 2920 ppathe
174 2797 331 2846 recollectron
341 2795 394 2846 that
405 2795 480 2846 Cotta
489 2793 657 2846 sndTrturrus
668 2795 717 2848 had
727 2797 841 2856 pernhed
851 2814 877 2846 ιιι
887 2798 928 2846 the
939 2815 1006 2848 same

109 2933 170 2982 ⁸Aa
184 2931 243 2980 here
258 2931 303 2980 has
319 2929 361 2980 the
372 2931 486 2992 mearung
496 2929 525 2980 of
535 2933 608 2993 opud,
620 2946 648 2982 es
663 2931 689 2980 in
704 2931 1008 2982 hermancorum

79 2994 190 3044 natm
202 2999 317 3040 eandum.

111 3065 178 3113 ‘See
189 3063 213 3114 it
225 3066 263 3110 24.

112 3140 257 3201 'Relinquit
272 3141 382 3196 cohow
399 3137 452 3186 that
469 3138 499 3194 is,
515 3137 560 3186 ‘he
576 3137 674 3196 saints3'
692 3139 728 3186 ior
738 3142 834 3188 animm
850 3141 871 3188 is
887 3141 1007 3203 strength,

83 3216 185 3261 energy,
198 3199 309 3248 whereas
320 3200 400 3246 αιιὶιιια
411 3197 432 3245 is
443 3196 537 3260 bresith,
551 3196 601 3254 lile,
614 3213 641 3246 or
652 3197 714 3246 ecul.

62 3321 66 3326 .
113 3277 237 3340 ‘Speciem
248 3277 367 3338 praehere,
383 3280 422 3322 ‘to
433 3284 530 3334 present
541 3273 583 3322 the
595 3273 705 3324 outward
715 3277 891 3335 appearancet‘.
904 3273 905 3276 ’
927 3315 932 3326 .

114 3351 270 3406 ’Ῑίταιιιῑὶνιτ
282 3354 323 3398 ‘tn
333 3349 393 3398 hcet
402 3347 490 3396 frema
500 3347 626 3396 distortos!
