2272 3788
471 281 563 325 uana
582 281 634 323 m.
956 263 1014 326 179

80 387 239 458 ceptaeula,
264 403 317 441 neu
344 387 471 442 Romanis
515 387 629 459 reposita
653 387 688 442 ad
713 387 820 458 eopiaru
845 396 1012 444 eorumeatm

79 457 274 526 praedamque
298 457 453 512 tollendam.
531 473 563 510 eo
586 457 609 510 si
632 458 725 525 gravia
749 466 795 510 aut
818 458 915 512 acerba
937 457 1011 511 vide-

78 533 174 594 entur,
191 526 278 578 multo
296 526 342 579 illa
359 527 467 593 gravius
483 526 626 578 aestimare
644 525 752 594 debere,
767 525 871 594 liberos,
884 526 1011 596 oonjuges

79 593 293 714 indservitutem
312 594 437 664 abstrahi,
457 595 529 664 ipsos
546 593 674 663 interfici,
694 610 764 663 quae
783 594 816 646 sit
833 611 947 648 neeesse
966 611 1010 648 ao·

79 677 110 714 er
131 672 279 715 ereneus.

122 735 166 782 15.
187 731 314 784 Omnium
341 747 474 784 consensu
501 730 554 783 bae
579 730 712 784 sententia
740 729 856 800 probata,
878 743 936 784 'uno
964 731 1009 784 die

79 797 206 868 amplius
222 817 268 852 xx.
294 798 375 853 urbes
400 800 548 868 Biturigum
573 799 758 853 inoeuduntur.
794 799 851 853 Hoo
876 799 950 852 idem
978 800 1008 854 fit

80 866 112 919 in
133 865 247 935 reliquis
263 867 425 920 ciuitatibus.
461 869 492 921 In
509 867 633 920 omnibus
689 868 772 921 rtibus
800 866 924 920 iuoeudia
946 881 1008 918 eou-

81 934 252 1003 eputentur,
270 953 339 1004 quae
362 937 533 1004 stairnugno
558 952 622 988 oum
664 935 734 988 olore
760 951 854 988 omnes
877 935 1008 1004 ferebant,-

80 1009 179 1057 tameu
192 1001 243 1055 hoe
261 1003 313 1056 sibi
332 1005 417 1056 solatii
431 1003 620 1074 proponebant,
633 1003 704 1072 quod
722 1021 760 1071 se,
774 1020 854 1074 prope
871 1021 887 1056 e
925 1003 1009 1057 lerata

80 1069 207 1138 victoria,
220 1069 343 1124 celeriter
358 1073 459 1126 amissa
474 1081 676 1142 recuperaturos
686 1072 864 1125 oonfidebant.
941 1070 1007 1126 libe·

81 1147 159 1192 ratur
177 1139 212 1191 de
228 1141 342 1192 Avarico
361 1141 389 1194 in
403 1141 540 1194 eommuni
559 1140 676 1210 coneilio,
693 1141 800 1194 incendi
818 1141 954 1211 plaeeret,¹
972 1157 1008 1194 an

80 1206 206 1262 defendi.
242 1209 423 1287 Procumbunt
445 1209 571 1288 omnibus
592 1209 678 1288 Gallis
700 1208 735 1262 ad
758 1209 843 1277 pedes
857 1209 1006 1279 Bituriges,

80 1275 1007 1414 tulltttttttttttttttttltt”bttntttttttt

80 1421 258 1482 augerentur,
282 1413 361 1466 facile
385 1431 414 1466 se
433 1414 485 1466 looi
508 1423 602 1468 natura
625 1413 782 1466 defensuros
805 1413 905 1482 dieunt,
944 1413 1005 1484 uod,

79 1497 167 1550 prope
187 1497 223 1534 ex
242 1483 368 1552 omnibus
390 1483 511 1552 partibus
529 1482 641 1535 flumine
660 1492 688 1534 et
701 1481 809 1550 palude
832 1482 932 1534 oiroum
952 1490 1005 1550 ata,

79 1565 172 1602 unum
195 1549 294 1602 lrabeat
318 1553 355 1603 et¹
377 1559 569 1620 perangustum
593 1549 706 1603 aditum.
730 1551 825 1602 'Datur
853 1549 1007 1618 petentibus

80 1618 173 1686 venia,
190 1617 362 1675 dissuadente
380 1620 466 1690 primo
477 1619 700 1687 Vercingetorige,
716 1625 775 1688 post
793 1616 965 1686 eoncedente,
978 1626 1007 1672 et

79 1685 357 1808 ξουὶριἕθϊίρεοωω
373 1696 401 1742 et
418 1687 601 1742 miserioordia
614 1687 695 1756 vulgi.
731 1684 893 1740 Defensores
909 1685 1013 1755 oppido*

63 1769 174 1807 ,roner
205 1772 240 1806 er
297 1765 348 1809 tur.
568 1767 571 1770 ·
956 1775 959 1781 ·

120 1827 164 1876 16.
182 1773 382 1893 Ἲθτέηωςεῑοήκ
399 1823 546 1878 minoribus
556 1825 703 1877 Caesarem·
712 1823 849 1878 itineribus
866 1821 1006 1891 subsequi·

79 1896 126 1945 tu'r
143 1899 172 1944 et
189 1891 278 1946 loourn
296 1894 391 1946 eastris
408 1893 508 1962 deligit,
521 1892 664 1962 paludibus
675 1891 803 1960 silvisque
815 1891 958 1962 munitum,
970 1891 1007 1946 ab

79 1960 201 2018 Avarioo
213 1961 290 2081 longe
303 1962 377 2014 rnilia
388 1977 519 2030 passuum
530 1978 588 2014 aur.
619 1961 659 2014 lbi
671 1977 719 2031 per
731 1970 817 2014 oertos
829 1960 1009 2031 exploratores

80 2028 108 2081 in
127 2028 233 2096 singula
271 2031 306 2082 iei
323 2031 463 2098 tempora,⁴
480 2046 549 2098 quae
567 2028 602 2082 ad
618 2030 766 2084 Avaricum
783 2038 931 2099 agerentur,
946 2045 1006 2098 eog-

79 2097 221 2166 noseebat,
235 2105 262 2150 et
275 2099 338 2167 quid
350 2099 408 2151 fieri
420 2091 509 2167 vellet,
524 2098 686 2166 imperabat:
703 2115 798 2153 ornnes
809 2107 912 2152 nostras
924 2098 1006 2168 pabu-

80 2163 198 2218 latlones
222 2165 496 2234 frumentationesque
519 2167 685 2235 observabat,
700 2168 900 2236 dispersosque,
921 2183 1007 2236 quum

80 2231 191 2302 longius
216 2235 366 2288 necessario
392 2233 574 2304 procederent,
599 2235 766 2288 adoriebatur
791 2251 943 2304 magnoque
968 2235 1007 2289 iu·

81 2301 226 2356 commodo
238 2303 388 2357 afficiebat:
408 2303 466 2371 etsi,
479 2312 609 2371 quantum
627 2304 727 2355 ratione
745 2303 877 2371 provideri
895 2311 1005 2372 poterat,

80 2369 119 2449 ab
138 2372 235 2493 noqtria
254 2371 461 2441 occurrebatur,'
480 2378 511 2423 ut
528 2371 638 2424 incertis
657 2371 822 2440 temporibus
840 2371 1007 2441 diversisque

81 2438 172 2492 rtineri
192 2455 225 2492 us
235 2440 326 2492 iretur.

82 2547 172 2556 ι...-

112 2607 121 2634 ¹
131 2603 218 2653 Before
230 2607 324 2654 incertdi
335 2584 485 2667 placeretne
497 2613 563 2653 urust
573 2602 662 2664 supply
671 2611 762 2660 utrum,
772 2602 853 2650 which
869 2603 890 2650 is
905 2603 1008 2654 omitted

82 2661 172 2712 lorthe
184 2677 287 2722 purpose
299 2663 326 2712 ol
338 2665 438 2724 making
449 2663 490 2711 the
502 2663 615 2722 question
625 2677 692 2710 more
704 2661 778 2721 lively
789 2661 836 2710 and
846 2661 977 2712 animated.

112 2748 165 2796 'Et
176 2748 234 2798 here
242 2749 289 2798 'has
300 2749 342 2797 the
353 2749 467 2810 meaning
479 2747 508 2796 of
522 2747 584 2796 ‘and
600 2747 671 2803 that‚’
683 2747 725 2796 the
736 2747 804 2795 word
814 2745 1007 2797 whichrfottows

83 2807 127 2856 tbe
137 2816 159 2856 et
170 2807 244 2868 being
254 2823 285 2856 en
295 2808 450 2867 explanation
460 2807 488 2854 ol
499 2807 541 2854 the
552 2820 598 2854 oue
609 2806 739 2867 preceding
750 2805 776 2854 it.

113 2893 258 2962 'Rreeibrta⁸
276 2893 329 2962 that
346 2893 376 2962 ia,
392 2903 489 2962 propter
501 2909 581 2956 preces
592 2901 614 2941 et
627 2891 725 2955 propter
732 2893 920 2941 miambordr'um.
951 2890 1008 2941 The

84 2962 192 3013 genitive
203 2954 273 3014 uulgi
282 2968 303 3000 rs
314 2954 442 3012 objectiva.
465 3005 467 3008 ,

112 3016 856 3105 ⁴seguu1renp0rarefsnotresusrrvarons'orueray.
888 3035 1007 3095 raepa-

84 3096 191 3156 pesition
202 3097 229 3142 in
239 3111 260 3143 rs
271 3096 312 3143 the
324 3096 428 3170 English
441 3096 508 3145 ‘sou’

114 3177 265 3226 ‘oxum
279 3179 305 3227 is-
313 3184 319 3206 ‘
327 3188 353 3227 to
363 3188 428 3230 meet
439 3195 470 3227 an
480 3180 645 3247 emergeney,‘
658 3195 686 3229 or
697 3184 738 3228 ‘to
746 3178 847 3239 provide
858 3176 952 3238 against
963 3177 1007 3236 itu

85 3237 275 3358 qqlq‘mpqqeqtiu
282 3236 364 3286 whioh
374 3238 423 3288 this
432 3254 484 3288 was
494 3237 557 3287 done
567 3251 588 3288 rs
599 3237 726 3298 explained
737 3240 770 3300 by
778 3237 820 3287 the
831 3237 913 3288 clause
923 3235 1007 3299 begin·
