2272 3788
468 303 562 344 uraca
581 299 636 347 vu.
844 243 846 248 =
954 291 1011 352 187

81 413 173 482 operis
193 413 301 482 incitati,
320 431 371 467 non
390 421 479 467 aetate
497 414 634 486 confectis,
648 432 699 470 non
717 415 881 485 mulieribus,
899 433 952 470 nen
971 419 1010 472 in·

82 481 204 536 lantibus
221 492 406 554 pepercerant.
442 483 565 553 Denique
583 502 618 537 ex
634 485 706 538 omni
719 501 751 537 eo
763 499 889 554 numero,¹
914 487 942 540 ni
959 486 1009 540 tuit

80 552 191 605 circiter
202 570 247 606 xc.
260 553 372 622 milium,
386 552 432 605 vix
443 569 530 622 neec,
547 553 594 622 qui
636 570 708 606 remo
724 555 841 607 clamore
858 504 949 609 audito
978 571 1009 610 se

79 635 115 673 ex
134 621 233 690 oppido
251 621 393 691 ejecerant,
407 623 556 674 incolumes
572 621 608 674 ad
644 623 862 690 arcingetorigem
880 641 1008 693 perrene-

79 699 152 742 rnnt.
190 690 263 748 Quos
279 691 332 759 ille,
351 691 437 744 multa
455 690 511 761 jam
531 699 619 760 nocte,
636 691 743 745 silentio
758 708 793 744 ex
810 691 874 760 luga
893 694 1007 764 excepit,

78 758 89 825 t
91 759 203 828 veritus,
217 777 251 816 ne
263 777 316 830 qna
328 761 355 812 in
367 759 460 813 castris
471 776 506 813 ex
518 775 610 816 eorum
628 777 759 814 concursu
782 768 811 814 et
826 762 1008 816 misericordia

78 826 155 895 vulgi
176 828 271 881 seditio
289 829 411 908 oriretur)
422 837 458 898 ut,
472 829 563 898 procul
573 829 609 881 ‘in
622 830 665 882 via
677 829 812 898 dispositis
829 830 1008 886 familiaribus

76 895 137 948 suis
149 897 369 967 principibusque
380 897 527 967 civitatum,
540 897 720 966 disparandos¹
732 899 958 969 deducendosque
970 900 1006 954 ad

75 981 144 1086 spos
162 977 273 1036 curaret,
290 969 370 1036 quae²
389 968 487 1036 cuique
507 966 609 1020 civitati
629 983 691 1036 pars
710 976 857 1023 castrorum
876 969 912 1023 ab
931 970 1006 1040 initio

73 1048 91 1084 c
113 1043 236 1087 venerat.

114 1107 159 1155 29.
179 1103 287 1158 Postero
298 1103 343 1157 die
354 1102 465 1158 concilio
477 1112 629 1174 convocato,
638 1091 789 1158 consolatus
800 1105 1006 1176 cohortatusque
1035 1155 1037 1160 t

73 1180 128 1241 est,
142 1189 220 1226 nese
232 1173 378 1227 admodum
394 1173 484 1226 animo
501 1173 692 1244 demitterent,⁸
703 1190 772 1226 neve
790 1175 1005 1244 perturbarentur

73 1240 265 1294 incommodo:
283 1259 336 1294 non
348 1243 444 1298 virtute
462 1257 551 1312 neque
569 1243 595 1295 in
613 1243 675 1295 acie'
686 1243 783 1296 vicisse
800 1245 941 1313 Romanos,
955 1243 1004 1298 sed

72 1311 190 1363 artificio
209 1311 326 1380 quodam
347 1320 374 1364 et
393 1311 506 1366 scientia
524 1327 558 1381 op
578 1312 736 1380 agnationis,
754 1311 840 1380 cujus:
849 1314 887 1366 rei
905 1313 1004 1368 luerint

73 1380 130 1448 ipsi
148 1379 280 1448 imperiti:
300 1397 394 1449 errare,
409 1381 431 1433 si
449 1380 495 1448 qui
513 1380 541 1433 in
559 1329 631 1433 belle
649 1397 745 1433 omnes
762 1381 895 1434 secundos
915 1398 1004 1436 rerum

94 1457 223 1502 revectus
247 1459 418 1519 exspectent:
433 1449 500 1502 'sibi
523 1466 588 1502 uum
609 1465 671 1502 uam
695 1448 837 1518 placuisse,
857 1450 1004 1504 Avaricum

69 1465 188 1569 defendi
218 1517 296 1586 cujus
314 1519 354 1570 rei
377 1466 686 1588 testesipsoshabere15
709 1515 758 1570 sed
781 1517 885 1577 lactum
903 1519 1003 1587 impin·

71 1585 169 1638 dentis
188 1557 336 1654 biturigum
358 1595 385 1639 et
405 1586 683 1654 nimia-obsequentia
703 1585 872 1656 reliquorum,
892 1586 931 1639 uti
951 1586 1003 1641 hoa

72 1655 279 1708 incommodum
299 1656 479 1725 acciperetur:
504 1655 531 1707 id
553 1665 643 1707 tamen
663 1673 692 1708 se
713 1654 1003 1724 celeriterruajoribus

72 1724 227 1777 commodis
239 1732 401 1777 sanaturum.
424 1726 518 1792 ΧΝιιιιι,
532 1740 602 1794 quae
613 1724 648 1777 ab
661 1723 769 1792 reliquis
781 1723 865 1776 Gallis
879 1723 1003 1778 civitates

71 1791 256 1862 dissentirent,
270 1792 320 1846 has
331 1809 379 1846 sua
388 1791 737 1862 'diligentiaradjunctururn
749 1806 829 1862 atque
842 1809 926 1846 unum
939 1807 1002 1846 con·

71 1862 168 1915 silium
192 1865 271 1915 totius
294 1862 397 1914 Galliae
421 1861 590 1931 effecturum,
611 1861 689 1931 'cujus
712 1862 853 1914 consensu⁴
872 1878 907 1916 ne
930 1861 1002 1914 orbis

71 1930 187 2000 quidem
206 1939 337 1984 terrarum
354 1931 436 2000 possit
453 1931 599 1986 obsistere:
617 1931 698 2000 idque
712 1947 740 1983 se
753 1947 834 2000 prope
851 1929 908 2001 jam
920 1929 1001 1983 effec-

71 2009 135 2053 tum
149 1999 264 2053 habere.
300 2001 406 2053 Interea
425 2016 542 2067 aequum
563 2015 632 2069 esse,
645 2001 681 2053 ab
693 2000 888 2061 iiscommunis
908 1999 1003 2053 salutis

71 2083 163 2122 causa*
182 2069 372 2138 impetrarint
396 2076 483 2122 cestra
501 2069 610 2140 ,munire
630 2069 805 2138 instituerent,
823 2085 876 2138 quo
896 2068 1003 2122 facilius

72 2138 358 2208 repentines'hostium
370 2138 487 2206 impetus
499 2137 628 2190 sustinere
641 2145 758 2206 possent.

109 2212 151 2258 30.
172 2207 233 2260 Fuit
251 2206 320 2259 haec
334 2207 481 2259 cratio'non
495 2207 596 2274 ingrata
608 2207 698 2274 Gallis,
712 2205 923 2275 maximequod
942 2205 1002 2275 ipse

71 2278 165 2329 animo
183 2293 236 2328 non
253 2271 397 2342 defecerat,
411 2283 483 2329 tanto
501 2284 612 2344 accepto
630 2273 807 2340 incommodo,
819 2290 908 2342 neque
928 2291 957 2327 se
973 2275 1001 2327 in

71 2345 211 2399 occultum
221 2344 361 2398 abdiderat
373 2353 399 2396 et
412 2353 584 2412 conspectum
601 2343 779 2395 multitudinis
791 2341 909 2409 fugerat:
948 2343 1001 2395 lus-

71 2431 127 2484 que
146 2414 238 2466 anime
257 2413 397 2482 providere
417 2421 445 2465 et
463 2411 626 2482 praesentire
647 2410 855 2478 existimabatur,
871 2427 906 2478 qu
944 2450 950 2479 ‚
972 2427 1001 2464 ra

71 2484 195 2552 integra,l
204 2483 288 2551 primo
300 2480 499 2535 incendendum
511 2479 664 2548 Avaricum,
675 2487 734 2547 post
746 2475 926 2529 deserendum
938 2495 1001 2530 cen-

102 2600 110 2626 ¹
120 2596 301 2658 Disporoadoa;
316 2595 368 2642 that
380 2593 413 2650 is,
423 2595 567 2654 separandos
578 2604 605 2638 or
615 2559 864 2656 dispertieadosr—‘hr
875 2559 1002 2656 tobkcare

71 2657 125 2704 that
137 2655 197 2761 theg
208 2653 295 2705 should
307 2656 337 2702 be
349 2651 475 2758 separated
486 2649 651 2708 according‘to
662 2647 703 2694 the
716 2648 792 2694 tribes
808 2645 925 2726 touwhrch
941 2646 1001 2714 they

71 2715 177 2774 belongs
197 2713 260 2768 ‚and
271 2713 323 2760 that
335 2727 377 2760 esc
406 2709 493 2758 should
504 2711 535 2756 be
545 2707 621 2756 taken
631 2716 657 2754 to
668 2705 709 2753 the
721 2720 777 2754 meu
787 2704 816 2754 of
822 2703 860 2752 lus
871 2719 927 2755 own
937 2707 1000 2754 tribe

71 2773 279 2905 m¹tlll3eefcdr1dndbae
288 2859 326 2892 we
343 2851 409 2892 must
425 2839 513 2901 supply
523 2841 550 2888 ia
566 2827 615 2888 earn
627 2844 727 2901 parter,
740 2836 829 2894 which,
842 2835 965 2894 however,
978 2836 1001 2884 is

71 2905 173 2964 implied
184 2904 208 2951 in
219 2907 250 2951 ad
260 2920 324 2950 reor.
827 2905 830 2909 '

100 2978 153 3026 'Se
163 2979 241 3024 animo
249 2978 369 3023 demittere
379 2973 400 3022 is
411 2972 453 3020 the
464 2987 531 3022 same
543 2965 570 3019 as
581 2971 686 3018 animam
695 2969 802 3030 abjicere,
816 2972 855 3016 ‘to
866 2967 918 3015 lose
929 2981 997 3016 cour·

71 3038 135 3098 ege!
168 3036 299 3083 Admodum
310 3035 330 3082 is
344 3039 390 3092 ‘up
400 3043 427 3080 to
438 3047 452 3079 a
462 3030 553 3079 certain
564 3043 675 3077 measure
684 3028 708 3085 3¹¹
719 3026 766 3075 and
780 3026 838 3074 here
853 3030 900 3085 ‘up
915 3034 941 3072 to
956 3024 999 3074 the

70 3109 184 3144 measure
196 3103 221 3142 to
232 3093 313 3141 which
324 3091 384 3151 they
395 3089 501 3150 actually
512 3087 612 3138 seemed
623 3096 648 3135 to
659 3087 710 3137 lose
721 3101 825 3146 scampe
834 3085 852 3142 ς’
867 3083 944 3142 hence
958 3087 1000 3133 ‘to

70 3154 133 3204 such
144 3169 159 3200 a
169 3153 275 3214 degree!

99 3225 169 3275 ‘For
178 3225 313 3280 consensui,
327 3237 368 3286 see
379 3223 412 3270 vi.
423 3223 462 3278 42,
474 3229 532 3269 note
543 3223 565 3266 5.

83 3298 156 3370 ,⁸3⁶
166 3300 271 3361 integra,
286 3295 383 3346 ‘before
393 3295 435 3344 the
446 3293 539 3352 affair3'
556 3291 608 3341 that
620 3291 650 3350 ir,
662 3288 745 3340 balare
756 3287 798 3338 the
808 3287 877 3351 siege
890 3285 918 3336 cl
928 3285 995 3336 Aac*
