2272 3788
420 308 511 350 arena
531 309 583 351 ru.
667 325 669 332 ν
896 293 956 354 ule

41 427 100 476 tum
112 415 410 490 impetus-sustinerent.
433 417 477 475 Ab
488 416 531 472 his
542 417 692 487 complures
703 417 739 474 de
750 419 894 491 impmviso
900 419 956 474 vul·

41 488 128 542 nerati
141 488 239 558 proelio
251 485 426 540 excedebant.
462 487 553 546 Quum
564 505 626 542 suos
636 505 727 558 pugna
737 492 885 559 superiores
897 506 957 544 esse

41 557 113 611 Galli
133 557 295 610 confiderent
315 567 343 608 et
363 566 464 610 nostros
481 557 648 610 multitudine
667 560 752 627 premi
770 559 904 614 viderent:
924 575 958 614 ert

40 625 167 692 omnibus
184 626 302 696 partibus
313 634 341 679 et
353 625 380 695 ii,
393 626 439 694 qui
456 627 649 682 munitionibus
665 629 872 698 continebantur,
886 637 913 682 et
930 629 957 697 ii,

40 697 85 768 qui
111 695 149 750 ad
173 695 305 750 auxilinm
328 703 513 764 convenerant,
532 695 648 750 clamore
671 707 698 750 et
723 697 826 752 ululatu
851 713 963 752 suornm·

40 766 148 820 animos
158 763 358 818 confirmabant.
393 763 468 822 Quod
482 764 509 818 in
527 773 670 834 conspectu
687 767 807 821 omnium
825 783 868 820 ree
884 783 960 836 gere·

40 836 130 904 batur,
139 851 228 904 neque
240 841 312 886 recte
324 850 357 886 ac
366 833 474 912 turpiter
483 833 584 888 factum
597 833 679 888 celari
725 847 806 890 terat:
827 838 959 905 utresque¹

41 914 68 958 et
88 902 180 961 laudis
196 901 329 971 cupiditas
348 911 376 956 et
396 910 472 956 trmor
484 903 643 971 ignominias
717 907 843 960 virtutem
862 905 959 958 excita·

41 974 117 1028 bant.
153 972 244 1032 Quum
255 988 272 1024 a
283 971 394 1024 meridie
406 988 486 1041 prope
498 969 533 1024 ad
545 973 608 1026 solis
619 989 743 1030 occaeum
755 975 838 1030 dubia
850 975 961 1028 victoria

41 1048 216 1124 pugnaretur,
228 1041 356 1096 Germani
375 1057 428 1094 une
446 1041 473 1094 in
490 1049 564 1110 parte
582 1041 708 1096 confertis
719 1046 813 1098 turmis
825 1045 853 1098 in
870 1044 961 1098 hostes

15 1111 20 1128 '
41 1120 177 1182 impetum
190 1110 309 1164 iecemnt
321 1127 420 1179 eosque
432 1109 617 1180 pmpulerunt:
636 1112 733 1180 quibus
750 1114 777 1168 in
790 1114 881 1183 fugam
899 1130 960 1167 con·

44 1182 131 1250 eutis,
145 1180 272 1249 sagittarii
285 1178 461 1234 circumventi
473 1177 657 1250 interfectique
676 1193 746 1236 sunt.
782 1184 851 1238 Item
868 1200 904 1236 ex
921 1199 961 1236 re·

40 1200 128 1374 ln
139 1247 669 1373 nr‘iuruunnnnun
679 1251 961 1376 urrunnu

43 1336 190 1457 semblent,
209 1388 313 1457 moesti,
332 1403 413 1457 prope
439 1387 547 1440 victoris
572 1337 720 1458 desperhbh,
739 1407 768 1442 se
786 1391 814 1444 iu
831 1338 961 1459 oppidum

43 1476 107 1514 rece
146 1465 213 1510 runt.

79 1475 211 1584 &psum
233 1525 278 1578 die
301 1525 450 1580 intermisso
467 1525 545 1596 Galli,
571 1534 652 1596 etque
678 1526 728 1580 hoc
753 1527 838 1596 spatio
863 1543 961 1596 magne

43 1597 169 1665 cratium,
182 1595 322 1663 scelerum,
335 1594 527 1664 barpegonnm¹
538 1611 647 1651 numero
659 1597 763 1666 effecto,
777 1596 866 1651 medis
883 1606 961 1650 nocte

44 1667 153 1720 silentio
165 1682 199 1718 ex
208 1667 302 1718 castris
314 1664 422 1732 egressi,
431 1663 466 1716 ed
478 1672 642 1732 campestres
650 1666 810 1720 munitiones
820 1665 960 1720 secedunt.

44 1737 139 1790 Subito
157 1733 273 1788 clamore
292 1733 403 1802 sublato,
416 1748 470 1802 qua
487 1731 697 1802 significatione*
708 1736 752 1804 qui
765 1735 790 1788 in
803 1734 898 1805 oppido
915 1735 960 1788 cb·

43 1804 209 1874 rudebantur,
228 1803 263 1856 de
281 1819 329 1856 suc
346 1802 464 1857 adventu
487 1819 647 1870 cognoscere
664 1813 771 1873 possent
798 1814 885 1858 cretes
903 1820 960 1873 prc-

42 1875 148 1946 jicere,⁴
159 1872 255 1942 lundis,
268 1871 380 1943 sagittis,
400 1871 532 1942 lapidibus
551 1881 652 1926 nostros
670 1872 704 1926 de
723 1843 792 1926 vallo
810 1873 959 1943 deturbare,

44 1945 211 2014 reliquaque,
229 1959 297 2011 quse
314 1941 349 1994 ad
368 1941 592 2012 oppugnationem
610 1943 747 2012 pertinent,
766 1942 960 1998 administrare.

44 2014 153 2068 Eodem
176 2020 303 2081 tempore,
327 2011 442 2064 clamore
468 2009 599 2080 exaudito,
623 2011 669 2066 det
692 2012 755 2065 tube
780 2013 887 2082 signum
905 2013 962 2066 suis

43 2081 246 2150 Vercingetorix
268 2091 348 2150 atque
371 2098 406 2134 ex
425 2080 522 2150 oppido
547 2080 646 2137 educit.
682 2082 771 2136 Nostri
799 2091 828 2136 ut
845 2083 961 2152 superio·

44 2154 120 2208 ribus
132 2149 229 2204 diebus
246 2164 310 2204 sirus
321 2150 419 2218 cuique
431 2149 505 2204 locus
517 2159 572 2202 erat
591 2150 735 2220 definitus,⁸
746 2121 780 2206 ed
799 2152 961 2206 munitiones

43 2221 194 2288 accedunt,
213 2219 310 2288 fundis,
324 2218 462 2272 librilibus·
473 2219 646 2288 sudibusque,
659 2237 726 2288 quas
744 2220 862 2289 inopere
874 2221 961 2291 dispo·

43 2298 208 2359 eneratitae
225 2288 367 2358 glandibus
383 2287 474 2340 Gallos
490 2296 645 2356 perterrent.
682 2289 824 2357 Prospectu
843 2290 960 2344 tenebris

42 2361 162 2430 ademto,
181 2359 266 2412 multa
283 2357 416 2425 utrimque
434 2355 544 2408 vulnera
561 2356 739 2424 accipiuntur,
758 2358 893 2427 complure
911 2368 961 2411 tor·

43 2430 145 2486 mentis
163 2427 217 2482 tela
235 2427 416 2497 conjiciuntur.
452 2427 488 2478 At
507 2424 547 2478 M.
566 2425 697 2478 Antonius
716 2435 743 2479 et
762 2427 791 2480 C.
804 2427 959 2496 Trebonius,

73 2597 82 2628 ²
92 2594 180 2646 Before
191 2604 303 2654 atrosque
313 2609 350 2640 we
362 2602 427 2641 must
442 2591 530 2654 supply
541 2600 571 2648 rr,
584 2591 770 2661 corresponding
781 2592 840 2640 with
852 2591 893 2640 the
904 2607 957 2661 pre-

42 2657 115 2707 oedin
143 2670 217 2714 neque
223 2670 234 2711 ,·
248 2655 290 2702 but
300 2653 400 2709 Caesar,
413 2651 449 2700 sor
458 2651 499 2700 the
509 2651 570 2699 seire
578 2651 752 2720 oipnrmnuon,
762 2652 852 2712 prefers
863 2661 958 2714 pntnng

41 2718 87 2767 the
98 2671 194 2764 cfauses
205 2713 316 2774 together
326 2711 428 2760 without
440 2712 481 2760 the
492 2712 652 2780 cqn‘unctron.
664 2770 669 2780 .

72 2773 251 2836 'Harpcgonee
262 2787 326 2820 were
343 2772 399 2840 long
414 2770 482 2830 poles
493 2781 534 2839 unt
563 2781 647 2830 strong
662 2786 714 2818 rron
725 2770 802 2819 bools
814 2779 837 2819 at
849 2770 889 2818 the
900 2769 956 2826 end,

40 2835 80 2885 sor
90 2833 134 2881 the
145 2847 247 2891 purpose
259 2831 287 2879 of
294 2830 386 2890 pulling
396 2830 467 2878 down
477 2828 554 2877 either
565 2829 605 2876 the
615 2829 683 2878 wells
695 2829 851 2898 themselves,
862 2845 888 2878 or
898 2844 956 2889 any·

41 2895 115 3004 hiring
126 2891 223 2999 epppteg
233 2906 297 2959 upon
307 2890 349 2998 qhe
361 2889 430 2937 walis
441 2888 477 2937 sor
489 2888 528 2937 the
545 2904 647 2953 purpose
663 2888 691 2936 of
703 2899 837 2950 protecturg
852 2889 892 2936 the
908 2887 955 2936 sol·

60 2966 135 3002 rerso
179 2965 196 3022 ,e
222 2965 330 3022 esrege.
433 3005 438 3017 ⁸
566 3008 571 3018 Ι
612 3009 617 3018 ·
675 3009 680 3018 Ι

71 3007 462 3138 :fflrlffss'fffihhh‘f’lrilh‘riss'
472 3009 954 3126 dfiffiriilffif‘h'ssl'fflil‘d‘innrva.
970 3077 973 3086 ¹

42 3130 120 3236 8qu
145 3130 239 3243 hbflht?
250 3126 343 3242 blattis
353 3127 652 3254 Σειξῖᾏῖῗξιθεῖίερείςηῴ)

71 3249 82 3277 ⁸
138 3247 195 3294 rilic
212 3260 251 3293 are
268 3253 351 3293 stenes
367 3243 395 3293 of
409 3259 422 3292 a
437 3241 517 3303 pound
534 3259 559 3290 m
574 3243 674 3303 werght‚
688 3241 768 3310 ehieh
779 3256 844 3290 were
860 3241 955 3291 thrown

41 3307 139 3414 sgqianst
150 3304 191 3410 the
196 3319 290 3412 ⁹enemy
300 3305 331 3364 by
339 3321 421 3352 menna
432 3302 460 3352 oi
466 3301 551 3362 slings.
583 3301 734 3364 Respecttng
741 3301 783 3350 the
791 3303 901 3364 glandes,
911 3316 953 3350 see

40 3381 66 3416 v.
110 3379 185 3422 ,nee
213 3398 219 3411 .
