2268 3786
150 303 205 364 tto
448 323 489 364 ue
510 323 607 366 aarum
627 323 763 368 eustoc.

145 433 204 486 siha
222 440 421 500 cognoscantur.
456 433 483 488 si
500 431 574 486 adire
593 447 644 486 non
662 433 752 504 possit,
766 437 875 516 monet,¹
887 445 916 489 ut
935 435 1070 505 tragulam

145 519 207 556 cum
225 501 392 572 epistola,‚ad
409 513 550 557 amentum
566 501 692 572 deligata,
705 503 772 556 intra
789 505 953 558 munitiones
970 515 1070 559 castro·

147 589 203 625 rum
215 569 333 641 abjiciat.
380 573 408 625 ln
422 572 515 626 litteris
527 572 625 642 scribit,
639 589 668 624 se
680 589 741 626 oum
755 572 905 642 legionibus
916 574 1070 644 profectum

146 641 268 696 celeriter
290 640 396 694 edicte:
427 641 552 709 hortatur,
576 651 606 694 ut
634 642 773 710 pristinam
796 643 924 696 virtutem
943 645 1067 700 retineat.

146 710 239 766 Gallus
257 711 404 780 periculum
424 712 530 780 veritus,
544 720 571 764 ut
589 720 645 763 erat
663 720 835 782 praeceptum
858 713 990 782 tremulam
1007 715 1069 767 mit·

146 782 186 834 tir.
222 749 296 836 llaec
315 797 380 834 oesu
399 781 432 832 erl
455 781 547 834 turrim
566 780 696 851 adhaesit,
713 797 801 853 neque
820 751 855 834 ab
873 783 969 836 nostris
986 783 1069 836 biduo

146 849 339 918 animadversa,
353 851 430 904 tertio
448 849 493 904 die
514 868 530 902 a
549 850 666 918 quodam
683 851 769 906 milite
781 852 957 922 conspicitur3
974 852 1070 905 demta

146 920 180 974 ad
197 920 351 974 Ciceronem
365 920 490 974 defertur.
527 920 575 974 llle
594 921 739 990 perlectam
757 921 784 974 in
801 929 934 974 conventu
951 922 1070 976 militum

147 990 247 1057 recitat,
262 990 431 1058 maximaque
449 1005 543 1042 omnes
560 990 661 1042 laetitia
678 989 776 1044 adficit.
813 990 884 1044 tum
897 990 965 1044 sumi
978 992 1068 1045 inoeu·

147 1059 250 1112 diorum
262 1058 351 1128 procul
364 1058 529 1128 videbantur,
542 1075 612 1130 quse
631 1076 674 1112 res
688 1076 797 1114 omrrem
813 1059 1009 1114 dubitationem
1021 1062 1068 1114 ad·

148 1128 262 1182 centusi
299 1129 388 1184 ionum
401 1127 511 1199 expulit.
1058 1171 1061 1178 .

181 1203 223 1251 tc.
249 1199 272 1252 G
301 1197 326 1265 li,
348 1215 375 1251 re
398 1201 504 1268 cognita
528 1215 574 1267 per
594 1198 779 1270 exploratores,
796 1199 965 1253 obsidionem
990 1200 1069 1252 reliu-

146 1279 240 1338 quunt,
258 1267 292 1322 ad
311 1269 455 1323 Caesarem
478 1269 603 1322 omnibus
619 1268 702 1338 copiis
719 1269 896 1322 contendunt:
922 1285 973 1321 eae
993 1279 1069 1322 erant

146 1348 306 1392 armatorum
326 1338 429 1392 circiter
441 1337 515 1392 milia
527 1355 570 1392 ux.
606 1338 706 1405 Cicero,
720 1337 783 1390 data
800 1338 947 1408 facultate,¹
958 1337 1069 1394 Gallum

145 1408 181 1462 ab
193 1407 289 1462 eodem
298 1408 448 1477 Verticone,
457 1424 539 1477 quem
552 1423 631 1477 supra
643 1406 891 1476 demonstravimus,
904 1409 1009 1478 repetit,
1022 1409 1069 1488 qui

146 1476 246 1532 litterae
263 1477 297 1530 ad
316 1477 458 1546 Caesarem
478 1476 589 1530 reseret:
610 1474 682 1530 huno
699 1476 834 1547 admonet,
848 1477 897 1530 iter
913 1487 995 1530 caute
1010 1475 1068 1530 dili·

145 1557 292 1617 genterque
313 1547 408 1602 saciat:
435 1546 573 1618 perscribit
593 1545 619 1599 in
639 1545 741 1616 litteris,
754 1545 846 1600 hostes
863 1545 899 1600 ab
916 1563 946 1600 se
965 1545 1068 1600 disces·

146 1618 212 1670 sisse
228 1633 392 1687 omnemque
403 1617 436 1669 ad
450 1633 514 1670 euru
526 1615 728 1670 multitudinem
745 1616 927 1668 convertisse?
961 1615 1069 1674 Quibus

145 1686 239 1742 litteris
251 1687 354 1740 circiter
366 1686 455 1740 media
467 1695 544 1739 nocte
556 1685 654 1740 Caesar
664 1683 751 1738 allatis
769 1701 831 1738 suos
849 1684 913 1738 lacit
930 1685 1066 1755 certiores,

145 1771 245 1826 eosque
264 1755 298 1810 sd
319 1755 502 1810 dimicandum
522 1756 611 1808 animo
635 1755 787 1808 confirmat:
815 1765 919 1824 postero
938 1753 983 1808 die
1005 1753 1068 1808 luce

146 1826 231 1894 prims
249 1835 339 1880 movet
356 1833 450 1895 cestra,
469 1835 496 1877 et
513 1824 618 1878 circiter
638 1823 713 1877 milia
731 1828 859 1893 passuum
877 1831 990 1894 quatuor
1008 1839 1068 1946 poro·

144 1909 259 1963 gressus,
273 1905 344 1948 trans
364 1893 462 1950 vallem
482 1911 608 1963 magnam
630 1902 657 1946 et
677 1893 765 1947 rivum
784 1891 987 1946 multitudinem
1043 1909 1068 1946 s·

145 1966 211 2018 tium
230 1963 403 2033 conspicatur.
440 1964 504 2018 Erat
523 1963 614 2032 magni
631 1962 742 2032 periculi
754 1979 797 2015 res
808 1979 871 2016 oum
884 1962 964 2014 tentis
978 1963 1069 2032 copiis

146 2032 234 2101 iniquo
255 2033 312 2086 loeo
335 2032 472 2086 dimicare.
508 2031 597 2101 Tum,⁴
616 2031 741 2101 quoniam
764 2031 902 2085 obsidione
922 2031 1067 2086 liberatum

144 2102 299 2156 Ciceronem
318 2101 428 2170 solebat,
441 2103 538 2171 eoque*
549 2101 656 2154 omnino
674 2099 864 2156 remittendum
879 2101 914 2154 de
926 2100 1068 2154 celeritate

144 2171 322 2242 existimabat,
336 2171 465 2240 consedit,
478 2180 505 2223 et
517 2187 599 2240 quam
614 2169 777 2240 aequissimo
795 2179 882 2240 potest
900 2170 966 2240 loco,
979 2178 1068 2224 castra

144 2244 298 2296 communit.
335 2244 424 2310 Atque
440 2241 516 2309 haec,
530 2239 580 2293 etsi
600 2247 674 2292 erant
692 2239 789 2308 exigua
807 2255 854 2309 per
872 2257 909 2309 se,
923 2239 969 2292 vix
980 2239 1066 2293 homi·

91 2334 93 2337 ’
144 2327 207 2364 num
222 2312 325 2365 milium
338 2327 398 2380 vn,
411 2309 568 2381 praesertim
584 2308 665 2362 nullis
675 2325 740 2361 cum
752 2308 960 2378 impedimentis,
974 2319 1067 2362 tamen

143 2382 272 2449 angustiis
284 2381 406 2450 riarum,⁸
417 2397 499 2450 quem
512 2379 628 2432 maxims
641 2386 734 2447 potest,
748 2376 878 2430 contrahit
899 2395 931 2430 eo
945 2379 1065 2447 oonsilio,

112 2503 114 2506 .
143 2459 172 2503 ut
190 2450 217 2504 in
236 2468 371 2506 summam
383 2450 589 2513 contemtionem
608 2446 730 2500 hostibus
741 2447 838 2501 veum.
875 2417 984 2500 luterim
1004 2463 1067 2518 spe-

143 2605 163 2654 is
180 2605 277 2654 evident
294 2605 356 2654 from
372 2605 421 2654 this
438 2603 490 2654 that
501 2603 543 2652 the
555 2602 643 2652 Nervii
653 2615 718 2652 were
734 2610 776 2650 not
793 2601 935 2662 acquainted
947 2601 1009 2650 with
1024 2602 1067 2651 the

103 2687 105 2690 ·
144 2663 227 2714 Greek
240 2663 361 2724 alphabet.

144 2795 151 2844 l
169 2735 287 2844 &Mortem
305 2735 392 2796 supply
402 2735 519 2785 &ubam
530 2736 636 2797 martem,
648 2742 675 2782 to
685 2731 768 2782 whom
780 2731 871 2782 Caesar
880 2731 929 2782 had
939 2733 1013 2794 given
1024 2731 1067 2782 the

153 2811 167 2843 e
189 2811 223 2844 er.

172 2867 386 2935 ²Dotojocultote‚
402 2871 442 2914 ‘es
453 2865 484 2914 he
494 2866 542 2919 hod
552 2865 594 2916 the
605 2865 781 2928 opportunity:
794 2864 893 2914 Vertioo
903 2863 978 2926 being
988 2864 1015 2914 in
1025 2863 1067 2916 the

144 2943 196 3030 0³:1¹
193 2943 355 3055 discentem
373 2997 461 3058 supply
474 3014 506 3046 ce.

173 3077 181 3103 ⁴
194 3073 253 3122 Tem
263 3072 320 3121 here
326 3071 391 3120 adds
401 3070 503 3120 another
513 3084 600 3120 reason
610 3080 636 3120 to
643 3070 695 3120 that
704 3069 832 3120 contained
840 3069 865 3118 in
872 3068 914 3118 the
922 3066 1005 3120 words
1016 3078 1067 3120 erat
1090 3052 1095 3064 '

144 3135 225 3193 nugat
237 3132 338 3193 periculi
349 3147 393 3178 rea.

174 3202 281 3262 ‘quue
296 3201 357 3250 ‘ond
367 3199 404 3248 sor
415 3200 463 3249 this
474 3201 577 3248 reason!

173 3273 246 3322 ‘The
257 3277 309 3322 clue
320 3275 376 3322 here
387 3272 527 3321 mentioued
537 3288 577 3322 are
588 3272 630 3321 the
640 3272 711 3322 roeds
722 3287 750 3322 or
759 3287 875 3334 passages
886 3272 911 3320 in
925 3272 970 3321 the
1058 3309 1065 3331 ,

146 3330 224 3378 which
235 3332 265 3379 he
277 3333 346 3380 mede
357 3347 385 3380 as
395 3347 488 3380 narrow
495 3347 522 3380 or
530 3347 557 3380 os
565 3329 631 3380 close
642 3331 755 3392 together
764 3347 791 3381 as
802 3331 833 3381 he
843 3331 924 3389 could,
934 3340 960 3380 to
971 3343 1014 3394 get
1052 3347 1067 3384 c

147 3389 250 3448 campio
262 3389 489 3456 asmsll'compess.
