2268 3786
148 279 189 342 96
319 303 325 310 ·
451 293 491 336 ιιι
512 293 609 338 euuuo
628 294 763 336 donnico.

150 404 177 458 in
188 403 278 458 Gallie
289 411 457 458 remunerent
464 419 472 472 3
490 419 578 474 neque
590 405 691 461 remoti
704 419 764 458 esse
780 403 825 473 qui
841 419 904 458 suos
918 403 986 458 fines
998 405 1071 460 tueri

150 491 201 528 non
217 473 355 543 potuerint,
369 471 724 544 elienosocoupnre511eqoe
742 471 809 526 ullos
829 474 856 526 in
871 473 958 528 Gellia
972 491 1072 528 secare

149 558 233 612 agros,
258 542 303 612 qui
325 542 383 596 dari
406 551 496 596 unce
519 543 677 612 praesertim
703 543 868 596 multitudini
892 543 949 596 sine
973 543 1073 598 in'urie

149 610 266 682 possint;
286 611 334 666 sed
352 612 442 681 licere,
461 611 483 664 si
501 612 593 682 velint,
612 611 639 666 iu
658 611 786 666 Ubiorum
803 612 902 666 finibus
918 561 1070 682 considere,

150 697 261 752 quorum
278 682 330 736 sint
348 681 373 736 le
409 681 428 736 ti
445 681 515 752 epud
533 699 562 736 se
581 681 657 736 etde
673 681 820 736 Suevorum
837 681 938 753 injuriis
954 699 1070 752 quereu-

150 761 190 806 tnr
202 761 229 805 et
240 769 258 805 e
269 769 299 806 se
310 699 442 806 ouxifiuum
453 759 561 821 petent:
580 751 630 806 hoc
643 767 673 804 se
685 751 763 806 Ubiis
775 752 986 822 imperaturum?

184 826 208 874 9.
227 821 320 890 Legati
332 819 400 874 hoec
412 837 442 874 se
454 819 488 874 sd
501 837 562 874 suos
571 821 698 876 relaturos
706 821 828 876 dixerunt
840 830 868 875 et
881 839 909 874 re
921 820 1071 876 deliberate

149 900 207 962 post
224 891 299 946 diem
317 891 425 945 tertium
442 889 476 944 ed
495 891 638 945 Caesarem
657 907 820 944 reversuros:
840 891 941 946 interea
959 909 993 946 ne
1010 909 1070 962 pro·
1124 925 1125 930 =

149 961 207 1031 pius
225 978 255 1015 se
268 970 356 1014 castre
369 969 497 1040 moveret,
510 961 651 1032 petierunt.
687 961 730 1014 Ne
748 959 773 1014 id
790 960 901 1031 quidem
917 961 1015 1015 Caesar
1032 961 1071 1016 ab

149 1047 179 1084 se
197 1031 331 1100 impetrari
384 1045 427 1083 sse
443 1028 517 1084 dim.
553 1031 717 1099 Cognoverat
734 1031 806 1084 enim
823 1048 950 1100 magnam
965 1040 1072 1100 partem

149 1101 282 1170 equitatus
296 1099 331 1154 ab
367 1099 388 1152 's
405 1098 506 1168 aliquot
522 1098 618 1172 diebus
634 1109 697 1154 ente
714 1099 859 1171 praedendi
878 1100 1070 1154 frumentandi·

148 1186 201 1238 que
214 1186 295 1222 ceusu
305 1169 340 1222 ud
352 1169 533 1223 Ambivaritos
546 1178 619 1224 treus
628 1169 746 1224 Mosem¹
756 1169 882 1224 missam:
896 1168 945 1222 hos
957 1187 1070 1240 exspec-

148 1239 197 1362 ffirti
216 1241 321 1308 equites
338 1247 419 1308 etque
436 1237 495 1308 ejus
517 1239 556 1294 rei
572 1255 654 1294 ceusu
677 1255 782 1294 morem
805 1239 936 1310 interponi
959 1240 1070 1294 arbitra·

195 1325 234 1361 ur.

186 1382 225 1431 10.
244 1377 322 1432 Mose
347 1377 449 1448 profluit
477 1393 512 1432 ex
536 1387 627 1433 monte
650 1378 762 1448 Vosogo,
781 1377 824 1447 qui
850 1385 892 1430 est
918 1377 945 1432 in
970 1377 1071 1434 finibus
1125 1421 1126 1426 1

150 1447 304 1517 Lingonum,
323 1457 350 1502 et
367 1456 442 1527 porte
460 1447 576 1517 quedem
590 1451 628 1502 'ex
646 1447 738 1502 Rheno
756 1455 870 1516 recepte,
889 1463 958 1516 quae
976 1447 1069 1518 appel-

148 1517 217 1572 letur
234 1516 352 1584 Vahalis,
370 1516 485 1572 msulam
508 1517 593 1572 efficit
616 1517 783 1586 Batavorum,
803 1533 891 1586 neque
913 1515 1015 1584 longius
1031 1517 1070 1572 ab

148 1587 254 1642 Oceeuo
271 1587 379 1642 milibus
431 1603 525 1640 esuum
540 1604 622 1642 cxxx.
642 1589 669 1642 in
686 1585 810 1642 Rhenum
828 1585 921 1639 influit.
958 1585 1070 1641 Rhenus

148 1667 240 1711 autem
257 1657 338 1710 oritur
349 1673 384 1708 ex
395 1602 537 1725 bbpontiis,
550 1655 596 1726 qui
609 1657 694 1727 Alpes
713 1655 837 1725 incolunt,
850 1665 878 1708 et
890 1655 931 1708 lon
952 1656 1068 1725 ospetio

148 1743 195 1796 per
211 1727 282 1780 fines
297 1725 481 1794 Nantuatibus,
501 1725 690 1796 Helvetionrm‚
709 1719 897 1794 sequanorum,
949 1725 1067 1780 ediome·

148 1797 279 1865 tricorum,
290 1794 469 1864 Tribocorum,
479 1796 646 1850 Trevirorum
657 1797 755 1848 citatus
767 1795 856 1862 sertur,
867 1803 894 1848 et
905 1794 951 1848 ubi
961 1795 1068 1848 Oceano

148 1864 273 1946 oppropio
293 1864 373 1944 uerit,
386 1865 412 1919 in
432 1865 520 1936 plures
534 1865 629 1920 defluit
644 1873 733 1935 portes
751 1863 842 1918 multis
860 1863 1068 1934 ingentibusque
1126 1917 1127 1920 ,

150 1933 243 1987 rosulis
260 1951 276 1986 e
298 1941 372 1998 ectus,
391 1951 503 2005 querum
520 1951 580 2004 pore
598 1952 696 2003 magne
713 1951 729 1985 a
747 1932 810 1986 feris
832 1933 1003 2002 barbarisque
1021 1951 1068 1987 ne·

149 2003 264 2057 tionibus
287 2003 415 2073 incolitur,
434 2022 468 2058 ex
490 2002 587 2073 qulbus
609 2013 670 2058 sunt
694 2003 739 2072 qui
762 2003 882 2073 piscibus
904 2012 986 2072 etque
1010 2003 1069 2057 oris

148 2074 241 2196 biviiiblrltl
255 2073 347 2126 rivere
361 2075 564 2142 existimantur,⁴
576 2072 721 2142 multisque
733 2071 873 2142 capitibus·
887 2073 915 2126 in
928 2073 1069 2126 Oceanum

187 2218 226 2264 ll.
245 2210 342 2264 Caesar
359 2228 422 2266 oum
439 2209 474 2264 ab
492 2210 567 2265 hoste
585 2228 636 2265 non
650 2210 766 2281 emplius
784 2227 911 2332 passuum
929 2228 980 2264 111.
998 2209 1067 2264 rnili-

149 2279 200 2334 bus
216 2280 331 2351 abesset,
343 2290 373 2334 ut
390 2289 446 2334 eret
464 2281 644 2350 constitutum,
657 2279 691 2334 ed
708 2297 773 2333 eum

150 2349 194 2420 qni
213 2350 240 2404 in
253 2350 347 2403 itinere
363 2349 497 2418 congressi
512 2365 672 2420 magnopere
687 2365 721 2404 ne
736 2349 839 2418 longius
856 2349 1066 2422 progrederetur,

148 2420 266 2474 orabant.
303 2420 371 2474 Cum
394 2419 422 2473 id
447 2435 499 2472 non
523 2418 717 2490 impetrassent,
738 2419 872 2489 petebant,
896 2419 935 2472 uti
959 2417 995 2473 sd
1019 2433 1069 2472 eos

800 2280 870 2349 egeti
887 2289 1068 2350 revertuntur3

178 2591 185 2620 ¹
200 2588 287 2638 Verum
302 2589 323 2638 is
339 2588 481 2637 sometimes
497 2587 558 2636 need
577 2588 602 2635 in
617 2586 659 2634 the
675 2601 746 2636 sense
757 2585 785 2635 oi
800 2586 971 2644 ‘consistent‚’
983 2603 1011 2636 or
1028 2587 1069 2638 ‘in

148 2648 293 2698 eooordunoe
304 2647 365 2696 with
376 2647 418 2695 the
429 2655 514 2696 nature
525 2646 553 2694 of
559 2645 668 2706 things.'’

176 2723 186 2752 ¹
195 2721 287 2772 Ceeser
297 2719 368 2770 could
378 2719 482 2780 promise
494 2719 544 2766 thet
554 2717 585 2768 he
593 2717 673 2768 would
684 2718 811 2768 command
821 2718 862 2768 the
872 2718 940 2776 Ubii,
950 2721 1066 2778 beccum

148 2797 175 2829 es
186 2796 223 2850 we
235 2781 300 2828 leern
311 2779 374 2828 from
384 2779 453 2840 chop.
466 2780 503 2834 16,
516 2777 547 2826 be
558 2777 605 2828 hed
620 2777 735 2840 hostuges
746 2778 774 2838 of
786 2777 829 2826 the
841 2777 899 2827 Ubii
914 2778 939 2828 in
955 2778 994 2828 bis
1010 2794 1066 2840 poe·

148 2855 250 2888 session.

177 2911 250 2962 'The
262 2909 334 2962 Mosa
345 2909 366 2960 is
377 2911 418 2958 the
429 2909 529 2979 modern
538 2909 602 2959 river
612 2909 709 2967 Mense,
722 2909 917 2980 whichflempties
933 2909 1004 2960 itsels
1015 2909 1068 2962 into

148 2972 328 3087 plppbrpeffilqrvr'n
333 2968 517 3091 quilp‘lgegulelgnne
528 2979 553 3019 ut
565 2969 696 3027 Worlrum,
709 2968 789 3018 wbrob
800 2985 821 3017 rs
832 2969 910 3018 celled
921 2969 996 3020 Weel
1007 2971 1066 3028 (Vu-

178 3105 252 3153 *The
263 3103 391 3152 indicative
402 3105 570 3153 mordeantur
580 3103 601 3152 is
612 3101 669 3151 here
679 3101 749 3160 used,
761 3103 867 3152 because
878 3101 920 3151 the
952 3103 1067 3165 receding

148 3173 206 3212 ruet
217 3163 289 3232 quinis
300 3162 438 3222 equivalent
454 3172 479 3232 to
495 3163 616 3218 nonnulli,
623 3160 676 3230 ¹unrl
687 3160 746 3211 does
763 3172 805 3211 not
820 3176 914 3232 courcy
924 3117 967 3232 tbe
983 3164 1066 3212 uotion

149 3221 177 3271 os
183 3239 198 3270 s
206 3221 299 3328 qualrtp
310 3223 335 3270 in
346 3221 415 3272 those
426 3233 521 3291 netrons
532 3221 584 3290 thet
596 3221 672 3281 might
685 3219 739 3270 leod
749 3230 775 3269 to
784 3220 826 3270 the
837 3219 915 3270 belief
920 3235 927 3280 ς
939 3219 961 3270 tf
968 3221 1010 3272 the
1021 3221 1065 3271 let·

149 3289 187 3327 ter
197 3296 261 3328 were
272 3291 281 3328 t
300 3296 313 3328 e
325 3296 389 3338 cese,
402 3281 444 3329 the
454 3282 606 3340 subjunctive
617 3279 699 3328 would
709 3279 770 3328 heve
781 3282 844 3329 been
853 3279 921 3330 used.

179 3353 189 3380 ⁵
200 3350 285 3414 Capito
295 3353 339 3402 hos
349 3352 406 3404 bere
418 3352 459 3403 the
470 3353 583 3413 meaning
592 3351 622 3400 ol
627 3353 697 3410 ostro,
710 3367 737 3402 or
747 3352 854 3403 mouths.

1120 353 1123 390 l

1123 424 1124 458 l
