2296 3796
158 299 198 362 tn
459 317 500 360 nu
520 317 618 359 necno
637 317 774 360 cinereo.

158 428 288 483 auxilium
305 443 322 481 a
337 427 435 498 populo
453 427 571 481 Romano
588 427 772 498 imploraturos
789 444 877 498 neque
896 437 1072 497 recusaturos,

158 515 211 566 quo
223 500 313 552 minus
325 505 452 567 perpetuo
465 497 515 550 sub
527 495 631 550 illorum
645 497 744 550 ditione
757 505 837 566 atque
851 499 962 568 imperio
972 511 1072 552 essent.

158 568 246 621 Unum
267 585 296 620 se
314 583 374 619 esse
392 567 516 619 exomni
534 565 642 620 civitate
661 567 823 635 Aeduorum,
840 570 886 638 qui
903 569 1001 620 adduci
1021 585 1073 620 non

158 637 278 706 potuerit,
292 646 320 690 ut
331 635 429 706 J‘ureret
446 647 494 688 aut
511 635 608 689 liberos
627 653 688 688 suos
705 636 813 690 obsides
831 637 914 690 daret.
951 638 991 691 Ob
1009 654 1070 690 eam

159 723 214 760 rem
228 723 256 759 se
269 723 303 760 ex
315 707 422 759 civitate
435 705 582 774 profugisse
600 713 627 758 et
646 706 756 758 Romam
775 705 809 758 ed
828 717 952 760 senatum
965 709 1072 760 venisse

156 775 287 830 auxilium
305 775 487 846 postulatum‚¹
504 775 575 845 quod
594 773 666 828 solus
688 791 776 844 neque
794 774 964 844 jurejurando
983 793 1071 846 neque

155 845 293 900 obsidibus
316 853 458 898 teneretur.
494 844 545 898 Sed
563 842 651 914 pejus²
669 844 812 898 victoribus
830 845 967 916 Sequanis,
988 863 1070 915 quam
1138 844 1139 876 l

156 916 259 969 Aeduis
271 916 351 968 victis
367 914 497 967 eccidisse
506 930 513 984 3
531 923 670 982 propterea
687 913 757 983 quod
775 914 932 983 Ariovistus,
948 933 992 968 rex
1005 916 1069 968 Ger-

155 1002 302 1054 manorum,
312 985 339 1038 in
348 1001 439 1036 eorum
448 983 545 1036 finibus
552 983 717 1036 consedisset
726 983 886 1054 tertiamque
896 994 1001 1054 partem
1013 986 1068 1054 agri

154 1055 279 1124 Sequani,
287 1055 333 1123 qni
346 1061 418 1106 esset
427 1053 542 1123 optimus
554 1054 633 1106 totius
641 1052 752 1122 Galliae,
761 1070 827 1105 occu
847 1054 946 1108 auisset
958 1064 986 1107 et
998 1071 1070 1108 nunc

155 1126 189 1177 de
207 1124 291 1176 altero
310 1131 383 1191 purte
402 1123 478 1176 tertia
496 1122 632 1191 Sequanos
649 1121 781 1174 decedere
797 1071 910 1192 palleret,
930 1135 1071 1194 propterea

153 1193 225 1264 quod
244 1193 336 1262 perrois
353 1191 492 1246 mensibus
508 1201 571 1244 ente
589 1191 736 1244 Harudum⁸
749 1192 821 1244 milia
834 1193 972 1245 hominum
991 1211 1068 1246 xxm

153 1263 188 1316 ed
198 1281 259 1316 enm
269 1262 410 1330 venissent,
420 1261 517 1332 quibus
526 1261 601 1314 locus
611 1277 643 1312 ac
652 1260 731 1313 sedes
739 1271 900 1330 pararentur.
938 1263 1069 1316 Futurum

154 1349 215 1386 esse
232 1332 326 1402 paucis
343 1332 418 1384 annis
436 1331 474 1386 uti
491 1331 595 1384 ιιιιιιιθε4
611 1347 646 1382 ex
659 1328 763 1384 Galliae
781 1331 879 1384 finibus
896 1332 1067 1402 pellerentur,

153 1412 234 1472 etque
245 1417 340 1455 ornnes
350 1400 477 1454 Germani
495 1400 617 1454 Rhenum
630 1399 789 1462 transirent:
808 1418 896 1470 neque
915 1402 987 1456 enim
1006 1419 1068 1454 con·

152 1471 292 1525 ferendum
304 1488 367 1524 esse
379 1471 512 1524 Gallicum
525 1487 587 1523 cum
600 1470 792 1522 Germanorum
812 1487 882 1541 agro,
896 1488 984 1540 neque
998 1470 1068 1526 hanc
1139 1529 1140 1536 ἶ

152 1541 374 1595 consuetudinem
392 1541 480 1594 victus
495 1556 559 1592 curn
578 1538 624 1590 illa
640 1553 700 1591 com
720 1539 855 1592 arandam.
902 1541 1068 1595 Ariovistum

151 1621 252 1681 eutem,
261 1621 290 1664 ut
302 1609 387 1664 semel
395 1610 531 1663 Gallorum
540 1555 842 1678 copiasproeliovicerit,
851 1609 921 1678 quod
936 1609 1068 1678 proelium

152 1681 253 1735 facturn
272 1682 305 1734 sit
322 1679 356 1732 ad
374 1677 577 1758 Magetobriam,
588 1694 620 1730 su
642 1676 704 1730 erbe
722 1686 749 1730 et
767 1678 909 1730 crudeliter
926 1679 1066 1751 imperare,

151 1750 260 1805 obsides
277 1749 434 1804 nobilissimi
452 1745 584 1816 cujusque
602 1695 700 1800 lisseros
717 1763 826 1817 poscere
838 1755 865 1799 et
877 1747 904 1800 in
916 1764 962 1800 eos
978 1750 1068 1802 omnia

152 1819 277 1890 exempla
287 1817 486 1886 cruciatusque⁸
497 1816 585 1881 edere,
600 1816 622 1868 si
633 1833 687 1886 qua
699 1832 741 1868 res
753 1833 805 1868 non
816 1817 851 1870 ad
865 1826 959 1870 nutum
972 1829 1019 1872 aut
1032 1820 1066 1873 ad

152 1889 315 1942 voluntatem
329 1887 388 1957 ejus
399 1886 470 1940 facte
482 1885 524 1938 sit.
560 1886 701 1939 Hominem
720 1903 780 1938 esse
799 1885 948 1956 barbarum,
962 1888 1067 1942 iracun-
1140 1892 1141 1906 ¹

151 1958 226 2027 dum,
240 1957 427 2010 temerarium:
446 1973 496 2009 non
510 1973 588 2026 posse
601 1953 660 2025 ejus
676 1955 788 2025 imperia
805 1955 904 2009 diutius
922 1958 1065 2010 sustinere.
1140 1963 1141 1972 ’

151 2029 211 2082 Nisi
223 2027 286 2097 qnid
300 2027 327 2078 in
340 2027 454 2080 Caesare
472 2026 622 2096 populoque
638 2026 755 2078 Romano
774 2025 807 2076 sit
826 2025 926 2102 euplii,
940 2027 1068 2081 omnibus

151 2098 236 2151 Gallis
253 2097 325 2160 idern
344 2113 404 2149 esse
422 2093 584 2163 laciendum,
597 2094 669 2164 quod
683 2093 797 2147 Helvetii
811 2093 929 2163 iecerint,
944 2104 973 2148 ut
985 2097 1068 2150 domo
1140 2141 1141 2152 ,

151 2169 291 2236 emigrent,
303 2165 375 2220 aliud
387 2165 561 2232 domicilium,
575 2164 642 2216 alias
655 2163 740 2232 sedes,
754 2172 869 2216 remotas
885 2167 1066 2236 aGermanis,
1140 2169 1141 2182 ³

151 2246 241 2307 petant
254 2236 446 2304 fortunamque,
460 2249 636 2304 quaecunque
648 2231 762 2301 accidat,
777 2234 953 2301 experientur.
990 2235 1067 2289 Haec

150 2308 173 2360 si
192 2307 328 2360 enuntiata
346 2304 477 2359 Ariovisto
500 2304 559 2373 sint,
580 2319 631 2354 non
652 2301 784 2371 dubitare,
803 2303 866 2372 quin
885 2303 919 2356 de
938 2305 1066 2358 omnibus

150 2377 294 2446 obsidibus,
308 2375 353 2445 qui
366 2374 437 2444 apud
447 2391 510 2427 eum
523 2373 582 2442 sint,
590 2371 777 2441 gravissimum
791 2372 951 2442 supplicium
965 2388 1064 2428 sumat.

149 2447 293 2501 Caesarem
304 2445 348 2499 vel
361 2444 515 2498 auctoritate
528 2459 577 2494 sua
588 2451 671 2510 atque
684 2441 823 2510 exercitus,
839 2442 882 2494 vel
897 2444 996 2496 recenti
1008 2444 1065 2496 vic-

151 2518 224 2586 toria,
243 2516 287 2569 vel
304 2515 411 2568 nomine
430 2512 519 2584 populi
538 2511 649 2565 Romani
668 2511 802 2563 deterrere
819 2527 906 2580 posse,
926 2529 960 2564 ne
978 2513 1065 2583 major

149 2586 291 2640 multitudo
319 2587 513 2638 Germanorum
547 2581 671 2635 Rhenum
700 2579 860 2651 traducatur,
892 2580 1065 2652 Galliamque

148 2673 257 2712 omnem
269 2655 304 2709 ab
316 2653 441 2708 Ariovisti
453 2651 549 2724 injuria
560 2667 640 2722 posse
652 2648 808 2702 defendere.

177 2841 183 2866 ¹
195 2837 241 2885 Se'e
252 2835 284 2884 vi.
295 2837 330 2882 12.

173 2927 184 2954 '⁹
193 2923 268 2985 Pejus
277 2921 334 2968 here
346 2918 453 2980 signifies
467 2923 495 2966 ‘n
505 2933 583 2967 worse
595 2918 679 2982 thing)

175 3011 321 3060 'Harudum
332 3006 352 3056 ie
363 3017 405 3056 not
416 3016 441 3054 to
452 3007 482 3054 be
490 3005 573 3067 joined
589 3023 616 3054 as
631 3022 663 3056 an
678 3005 797 3068 adjective
809 3015 834 3054 to
843 3007 970 3064 honinem,
981 3008 1025 3056 but
1041 3007 1061 3056 is

146 3072 186 3120 the
198 3070 304 3132 genitive
315 3067 343 3115 os
355 3065 476 3124 Harudes,
489 3065 610 3127 govemed
621 3067 653 3127 by
663 3068 787 3116 lentinum.

174 3159 309 3220 ‘Nemely‚
325 3159 398 3207 Gelli.

174 3249 183 3275 ⁸
194 3245 319 3294 unciam
330 3245 351 3293 is
362 3242 455 3303 merely
465 3258 496 3291 sn
505 3241 659 3302 explanation
668 3241 697 3290 os
707 3241 749 3290 the
765 3250 827 3290 term
838 3243 947 3305 cntempla,
960 3243 1002 3292 the
1017 3257 1055 3292 ex·

77 3323 80 3328 ·
145 3303 237 3362 emples
248 3304 278 3353 he
289 3302 359 3354 mede
371 3302 504 3364 consisting
514 3302 539 3350 in
549 3302 590 3350 the
601 3301 719 3350 indiction
728 3299 757 3349 of
768 3301 835 3350 cruel
845 3310 956 3350 turtures.
