2296 3796
455 325 599 370 mnam
943 303 984 368 di

63 437 211 494 mtumrit
226 445 309 508 atque
327 435 370 491 ibi·
382 443 469 490 mene
481 436 576 506 poenit.
612 436 687 497 Quae
707 451 749 490 ree
766 444 794 490 et
812 436 884 489 lutee
900 449 983 490 uuum

63 517 213 562 metrorum
232 508 253 560 ri
274 505 280 517 ’
315 506 434 560 fluminis
450 506 588 560 muniebat
606 516 632 559 et
648 515 706 576 poet
724 523 787 560 aum
804 521 874 576 quae
894 513 984 559 eeeent

63 587 120 632 tute
131 579 169 630 eb
181 576 252 630 hosti
273 593 304 629 ue
318 575 444 629 reddebat
455 587 483 628 et
495 585 662 628 commeatus
672 575 711 630 ab·
719 576 809 629 Remis
822 575 868 628 reli
888 576 984 644 uisque

63 646 219 701 &reatibus
231 655 260 698 ut
272 647 329 698 siue
341 647 459 715 munnio
473 645 508 698 ad
520 647 593 698 οιιιιιι
605 645 699 715 portari
712 655 826 716 possent,
840 661 856 696 e
887 644 983 698 ciebat.

64 717 92 770 iu
112 733 146 770 eo
165 716 278 770 flumine
332 731 364 767 ne
381 725 446 768 erat.
482 714 523 768 Ibi
539 713 701 784 praesidium
755 714 792 767 nit
811 724 838 767 et
856 714 882 766 in
901 714 985 767 alten

63 794 140 858 patre
158 732 418 864 flumiuiessiiintum
430 783 564 863 Titurium
581 783 707 837 Sabinum
730 793 838 852 egetum
856 799 918 837 enm
937 799 985 836 aex

64 855 220 913 catonibus
238 854 379 934 relinquit:
399 862 489 908 caure
504 871 530 906 m
548 853 718 908 altitudinem
728 853 836 924 rpedunr
852 869 902 907 m.
915 852 984 906 vello

63 925 194 996 iussaque
203 923 386 992 duodeviginti
398 922 498 993 pedum
510 923 625 976 munire'
634 922 719 993 jubet.

98 1000 125 1048 6.
145 995 192 1048 Ab
204 995 247 1046 hie
259 994 351 1046 eastris
362 993 489 1064 oppidum
502 993 645 1046 Remorum
658 992 764 1046 nomine
777 991 884 1046 Bibrax¹
893 991 985 1046 aberat

64 1064 142 1122 milia.
151 1080 283 1134 passuum
300 1073 368 1116 noto.
404 1062 434 1116 ld
446 1077 482 1114 ex
493 1061 597 1115 itinere⁴
608 1077 704 1131 magno
716 1063 818 1131 impetu
830 1061 928 1130 Belgae
940 1077 984 1132 op

63 1150 186 1206 pugnare
197 1141 349 1201 oeepemnt.
379 1134 468 1200 Aegre
480 1147 513 1184 eo
524 1131 568 1184 die
580 1140 757 1186 tustentutum
770 1140 819 1184 eet.
849 1132 985 1185 Gallorum

64 1203 164 1257 eedem
176 1210 258 1272 etque
268 1201 410 1270 Belgarm
421 1201 580 1271 oppugnatio
591 1209 632 1254 eet
641 1201 718 1255 haee.
747 1200 800 1254 Ubi
812 1200 985 1271 circumjeora
1001 1257 1005 1263 ,

63 1271 239 1326 multitudine
251 1271 390 1325 hominum
402 1271 466 1324 totis
474 1271 616 1324 moenibus
633 1271 751 1341 undique
763 1271 790 1323 in
801 1285 909 1324 murum
920 1269 985 1340 lepi-

64 1342 116 1396 des
131 1342 186 1413 jeoi
198 1343 286 1411 ooopti
298 1349 365 1410 aunt,
378 1357 524 1410 murusque
540 1340 724 1396 defensoribus
741 1339 855 1393 nudatus
872 1349 920 1410 eet,
933 1350 985 1392 tea·

64 1412 160 1468 tudine
183 1410 254 1464 faeta
307 1419 361 1462 ttae
384 1411 530 1463 succedunt
549 1427 655 1463 murum
673 1427 708 1462 ue
732 1409 881 1462 subruunl.'
909 1407 985 1468 Quod

64 1491 125 1536 tum
136 1480 227 1534 feoile⁸
237 1481 272 1534 fie
310 1489 328 1532 t.
364 1481 436 1532 Nam
453 1495 517 1532 euru
528 1487 601 1532 teuta
612 1495 641 1532 ru
670 1477 753 1532 titudo
767 1478 870 1548 lapidee
887 1493 919 1532 ao
931 1478 985 1531 tela

65 1552 240 1622 eonjieerent,
260 1551 287 1602 in
305 1565 381 1602 muro
403 1549 565 1602 consistendi
585 1557 703 1620 potestne
726 1557 782 1600 erat
801 1547 874 1601 nulli.
917 1549 986 1602 cnm

64 1621 151 1676 finem
166 1619 337 1691 oppugnandi
354 1635 407 1672 uox
424 1618 540 1690 feeisser,
554 1618 639 1672 locius
650 1619 758 1687 Remus,
772 1633 878 1670 summa
893 1616 986 1671 nobili-

65 1700 121 1746 tate
140 1699 168 1743 et
185 1691 270 1758 gratia
281 1690 348 1742 inter
365 1705 433 1760 euos,
463 1688 491 1740 ui
508 1697 567 1742 tum
583 1687 679 1758 oppido
696 1686 853 1758 praefuerat,
865 1703 935 1740 uuus
952 1701 986 1740 οι

65 1761 116 1830 hia,
134 1759 180 1830 qui
198 1759 279 1828 legati
297 1758 332 1810 de
349 1775 416 1828 paee
434 1705 468 1811 ai
488 1758 631 1810 Caeretem
648 1757 795 1826 venerant,⁸
811 1756 934 1810 nuntium
950 1755 985 1810 ad

66 1845 131 1884 eum
141 1829 241 1882 mittit:
261 1828 311 1882 uiti
323 1827 470 1882 subsidium
481 1827 532 1882 sibi
544 1827 720 1899 submittatur,
734 1827 795 1880 sese
812 1825 913 1880 diutius
930 1841 986 1880 erre

66 1901 153 1953 tinere
165 1915 218 1952 non
231 1915 316 1970 posse.
901 1949 903 1954 .

62 1975 127 2023 el.
141 1969 189 2022 Eo'
198 1967 233 2021 de
245 1967 336 2021 media
344 1976 422 2020 noete
430 1967 529 2020 Caesar
537 1965 634 2019 iirdem
641 1965 754 2020 dntibus
765 1983 836 2036 utut,
847 1967 892 2036 qui
900 1966 985 2021 nuntii

65 2038 101 2092 ab
113 2039 184 2094 Ieoio
197 2045 331 2106 venerant,
344 2035 477 2090 Numidas
488 2045 515 2089 et
528 2036 620 2089 Cretae
637 2037 784 2105 sagittarios
801 2045 828 2090 et
841 2037 987 2090 funditores

66 2107 203 2162 Balaeree⁸
215 2106 333 2160 subsidio
345 2104 485 2176 oppidanis
496 2105 577 2158 mittit
583 2121 593 2174 3
602 2121 716 2175 quorum
727 2106 843 2159 aduentu
855 2115 881 2160 et
893 2107 991 2160 Remis

66 2175 987 2316 ittet„ditttlfttll'ttttttltfrtttlttiftlit

65 2331 114 2387 pur
125 2315 199 2386 apud
210 2313 338 2385 oppidum
354 2315 590 2384 morati-agrosque
603 2315 746 2368 Remorum
764 2314 916 2385 depopulati
930 2329 988 2370 om·

94 2487 178 2536 1Ειιιιι
184 2503 195 2543 ,·
212 2485 265 2534 that
277 2486 306 2542 ie,
319 2485 452 2535 Uenerem.

93 2571 231 2633 ¹¹Nemely,
248 2575 345 2630 uelim,
362 2571 409 2621 and
429 2582 470 2622 nor
489 2571 600 2622 Titurius
618 2556 733 2630 Sabinus,
751 2572 808 2620 who
823 2583 875 2620 was
894 2585 926 2620 on
942 2571 984 2622 the
1046 2596 1048 2600 ·

66 2633 137 2682 aiter
147 2632 200 2682 side
210 2632 239 2681 of
245 2632 287 2680 tha
298 2633 368 2680 river.

93 2719 205 2768 'Bibrax
216 2719 237 2768 is
249 2694 409 2789 believeduby
419 2733 487 2789 some
498 2727 524 2768 to
533 2721 564 2767 be
576 2719 617 2768 tho
633 2717 695 2767 little
710 2727 777 2767 town
793 2717 821 2768 of
832 2715 929 2776 Bidvre,
943 2719 984 2768 be·

67 2785 149 2828 meon
159 2778 231 2828 Leon
239 2779 286 2828 and
297 2779 341 2828 the
349 2793 413 2828 river
423 2781 510 2827 Arene.

94 2863 154 2915 ‘En
171 2867 275 2922 itinera
293 2865 345 2914 that
362 2865 392 2921 iu,
405 2864 479 2914 while
494 2879 527 2914 on
541 2864 605 2913 their
620 2863 712 2921 march,
729 2863 776 2914 end
791 2863 895 2913 without
912 2863 985 2913 iuter·

66 2925 164 2988 ruptiug
175 2927 194 2974 it
205 2926 239 2986 by
250 2925 359 2986 pitching
369 2923 433 2972 their
443 2939 513 2986 camp
524 2939 582 2973 near
592 2924 634 2972 the
645 2923 722 2984 place.
754 2923 802 2971 See
813 2923 828 2971 i.
840 2926 879 2972 25.

50 3029 54 3042 ·
94 3011 180 3066 ‘'fhat
191 3016 222 3074 ie,
237 3015 357 3066 ‘without
368 3013 475 3083 danger!

93 3103 162 3152 ‘See
173 3103 243 3164 chep.
255 3105 277 3152 3.
412 3095 417 3100 ”

96 3191 153 3241 'Eo
163 3191 221 3239 here
237 3206 295 3250 may
305 3190 336 3238 be
350 3187 475 3247 ‘thither‚'
488 3187 595 3250 nemely,
607 3197 633 3237 to
643 3188 685 3237 the
701 3197 768 3237 town
778 3187 807 3238 of
818 3187 917 3246 Bibrax,
929 3202 957 3238 or
967 3188 984 3236 it

67 3251 162 3302 itueed
173 3248 251 3298 lutire
263 3263 335 3298 eeure
346 3249 374 3298 of
381 3251 433 3298 ideo
439 3265 450 3306 ,·
467 3247 510 3296 the
521 3248 594 3296 letter·
603 3249 625 3296 ie
634 3247 775 3308 preferable.

96 3335 173 3387 ⁸'I'he
191 3335 349 3392 Numidiam,
362 3351 389 3384 ee
401 3333 458 3384 well
469 3351 496 3384 ae
507 3334 549 3382 tlte
561 3334 653 3384 Creten
668 3333 764 3384 uehere
775 3333 825 3382 eud
840 3332 881 3382 the
898 3331 984 3386 Balet-

68 3398 121 3449 riun
131 3397 246 3503 eligam,
259 3410 299 3444 are
311 3393 369 3444 here
379 3403 407 3443 to
416 3394 447 3443 be
459 3390 601 3443 considered
611 3409 639 3442 ae
649 3408 664 3442 ιι
674 3390 831 3453 light-ermed
842 3391 954 3454 infantry.
