2296 3796
475 329 566 370 man
586 329 608 373 r.
958 313 1000 372 43

114 441 158 489 32.
178 437 237 490 Hac
256 436 370 490 oratione
389 437 425 492 ab
441 438 572 492 Divitiaco
589 436 681 492 habita
697 454 799 507 omnes,
814 438 859 508 qui
878 437 997 506 aderant,

77 523 178 575 magno
192 507 258 558 fletu
271 507 400 562 auxilium
417 525 434 560 a
445 509 559 562 Caesare
574 517 665 578 petere
682 520 834 578 coeperunt.
870 509 997 564 Animad-

78 577 159 629 vertit
175 577 276 628 Caesar
288 593 353 628 unos
370 593 403 630 er
421 577 546 631 omnibus
563 577 698 646 Sequanos
715 576 781 631 nihil
798 595 889 632 earum
909 595 998 633 rerum

77 644 178 714 lacere,
192 663 262 714 quas
279 647 360 698 ceteri
374 647 499 717 lacerent,
512 647 560 700 sed
573 647 661 700 tristes
673 648 760 717 capite
772 647 890 700 demisso
901 656 998 702 renam

76 717 188 768 intueri.
226 715 293 784 Ejus
305 716 341 768 rei
353 733 423 786 quae
442 733 524 770 causa
535 725 613 784 esset,
628 717 738 770 miratus
750 733 785 770 ex
796 717 861 786 ipsis
873 718 997 786 quaesiit.

75 784 153 839 Nihil
171 785 289 854 Sequani
308 789 483 855 respondere,¹
497 785 544 838 sed
564 787 590 839 in
609 785 705 839 eadem
724 786 829 840 tristitia
846 787 919 840 taciti
930 803 997 857 ,per-

75 871 202 908 manere.
237 855 304 907 Cum
316 855 351 908 ab
364 854 408 908 his
424 857 531 935 saepius
542 864 682 924 quaereret
694 873 782 925 neque
794 856 878 910 ullam
889 857 999 910 omnino

76 941 175 976 vocem
194 925 342 993 exprimere
361 935 457 994 posset,
470 925 543 978 idem
555 925 703 978 Divitiacus
717 925 830 978 Aeduus
847 926 997 996 respondit:

75 993 138 1046 hoc²
158 1011 221 1045 esse
246 993 409 1048 miseriorem
433 1003 460 1048 et
482 995 630 1062 graviorem
654 993 787 1048 fortunam
807 995 997 1064 Sequanorum,

75 1079 162 1132 quam
175 1062 344 1132 reliquorum,
354 1063 425 1132 quod
437 1065 486 1116 soli
498 1081 533 1116 ne
546 1065 571 1116 in
583 1063 687 1117 occulto
698 1065 808 1134 quidem
820 1066 895 1134 queri
908 1081 998 1134 neque

75 1131 211 1186 auxilium
231 1132 368 1201 implorare
386 1132 522 1202 auderent,
535 1134 707 1202 absentisque
719 1133 844 1188 Ariovisti
856 1134 998 1188 erudelita-

75 1213 141 1270 tem,
153 1199 229 1254 velut
242 1203 361 1254 siceram
373 1203 488 1273 adesset,
498 1202 649 1270 horrerent,
660 1213 799 1272 propterea
807 1203 878 1273 quod
888 1203 999 1273 reliquis

76 1271 181 1324 tamen³
199 1270 279 1338 fugae
298 1271 411 1324 facultas
428 1271 542 1342 daretur,
555 1273 686 1342 Sequanis
702 1289 772 1341 vero,
785 1273 831 1354 qui
850 1273 918 1326 intra
928 1273 999 1328 fines

75 1357 140 1394 suos
151 1341 313 1394 Ariovistum
324 1342 493 1411 recepissent,
503 1359 616 1412 qnorum
627 1342 724 1410 oppida
732 1359 820 1396 omnia
829 1343 857 1396 in
865 1353 997 1412 potestate

75 1409 138 1479 ejus
149 1419 249 1479 essent,
263 1427 357 1485 omnes
369 1411 501 1464 cruciatus
513 1422 602 1464 essent
651 1411 774 1464 rlerendi.

111 1483 154 1530 33.
175 1479 222 1530 His
240 1480 319 1532 rebus
336 1480 447 1548 cognitis
459 1481 555 1534 Caesar
566 1481 616 1534 Gal
628 1497 703 1534 orum
714 1480 818 1534 animos
831 1479 918 1534 verbis
935 1497 996 1534 con-

75 1548 194 1602 firmavit
205 1549 392 1618 pollicitusque
409 1559 450 1602 est
462 1550 512 1602 sibi
525 1568 586 1604 earn
598 1567 653 1602 rem
673 1566 752 1602 curae
771 1549 903 1603 futuram:
923 1567 997 1619 mag-

75 1635 141 1670 nam
154 1635 184 1670 ae
197 1617 296 1671 hahere
309 1635 384 1687 spem
397 1627 423 1670 et
433 1618 571 1674 beneficio⁴
583 1637 631 1673 suo
642 1627 669 1671 et
680 1620 836 1672 auctoritate
848 1619 996 1674 adductum

74 1688 242 1742 Ariovistum
254 1688 333 1740 finem
347 1688 449 1758 injuriis
460 1687 602 1742 facturum.
638 1689 695 1740 Hac
707 1688 824 1741 oratione
835 1687 926 1742 habita
935 1705 997 1742 con-

75 1756 170 1810 cilium
189 1756 299 1809 dimisit.
335 1758 370 1811 Et
388 1759 537 1812 secundum
555 1776 588 1811 ea
600 1757 701 1811 multae
714 1775 757 1810 res
775 1775 837 1811 eum
856 1757 997 1812 hortaban-

76 1835 126 1895 tur,
140 1829 233 1894 quare⁵
244 1825 295 1879 sibi
305 1843 366 1880 eam
378 1844 433 1880 rem
447 1828 615 1896 cogitandam
628 1837 655 1880 et
664 1827 862 1897 suscipiendam
874 1836 997 1898 putaret,

76 1895 218 1964 imprimis,
240 1895 310 1964 quod
333 1896 451 1966 Aeduos,
471 1897 565 1950 lustres
583 1897 846 1967 consanguineosque
866 1915 997 1968 saepenu-

75 1981 151 2018 mero
163 1982 179 2017 a
192 1975 287 2018 senatu
300 1965 453 2036 appellatos,
467 1969 493 2018 in
505 1967 632 2020 servitute
643 1977 723 2036 atque
736 1967 762 2020 in
774 1966 874 2020 ditione
887 1967 995 2022 videbat

74 2035 270 2088 Germanorum
283 2035 376 2104 teneri,
388 2053 534 2105 eorumque
552 2036 658 2089 obsides
676 2053 736 2089 esse
748 2038 819 2107 apud
832 2038 995 2092 Ariovistum

75 2121 108 2156 ac
126 2103 265 2173 Sequanos
283 2105 447 2174 intelligebat
457 2123 464 2172 ;
487 2105 558 2176 quod
577 2107 603 2158 in
621 2114 693 2158 tanto
711 2107 822 2176 imperio
839 2107 929 2178 populi
946 2109 996 2162 Ro·

75 2175 149 2226 mani
159 2173 340 2242 turpissimum
350 2175 435 2228 sibiet
445 2176 483 2228 rei
492 2175 614 2245 publicae
623 2191 684 2228 esse
692 2175 876 2229 arbitrabatur.
902 2177 996 2230 Paula·

75 2243 123 2296 tim
149 2253 242 2296 autem
265 2245 413 2298 Germanos
435 2261 611 2297 consuescere
628 2245 752 2299 Rhenum
777 2247 896 2316 transire,
918 2257 945 2298 et
968 2247 994 2300 in

74 2312 192 2366 Galliam
206 2330 332 2380 magnam
352 2330 442 2366 eorum
455 2314 654 2368 multitudinem
667 2315 757 2368 venire
769 2315 865 2386 populo
876 2316 995 2368 Romano

75 2382 258 2450 periculosum
276 2383 400 2451 videbat3
419 2400 506 2453 neque
525 2385 576 2437 sibi
594 2384 716 2438 homines
727 2383 804 2436 seros
821 2402 853 2437 ac
871 2384 997 2438 barbaros

76 2461 271 2521 temperaturos
283 2453 460 2520 existimabat,
474 2453 545 2523 quin,
559 2471 621 2506 cum
633 2470 740 2508 ornnem
754 2453 870 2506 Galliam
883 2470 995 2523 occupa·

76 2519 186 2591 vissent,
202 2530 229 2574 ut
248 2533 309 2574 ante
328 2521 427 2576 Cimbri
449 2523 616 2592 Teutonique
637 2522 770 2592 iecissent,
788 2523 815 2574 in
832 2522 995 2590 provinciam

106 2695 113 2722 ¹
122 2691 277 2756 Respondere
285 2694 332 2742 and
339 2711 477 2757 pernicem
486 2711 528 2744 are
535 2693 659 2743 historical
668 2709 695 2743 or
701 2693 845 2754 descriptiva
855 2691 994 2742 infinitives.

103 2781 185 2838 'Hae
197 2782 240 2830 the
251 2798 318 2831 same
329 2797 357 2830 ss
367 2791 441 2832 tanto.
844 2765 846 2772 Α

104 2869 223 2916 'Tameia
255 2868 341 2916 Before
362 2869 412 2918 this
432 2869 501 2918 word
517 2886 532 2918 a
550 2870 633 2920 clause
652 2870 672 2918 ia
691 2867 847 2924 understood,
868 2867 927 2916 with
946 2866 995 2914 this

75 2928 205 2988 meaning:
224 2928 352 2990 Althcugh
368 2929 409 2976 the
425 2929 508 2977 others
525 2945 581 2989 may
592 2939 634 2977 not
645 2931 675 2976 he
687 2929 741 2976 able
753 2939 778 2975 to
789 2928 845 2976 take
857 2941 995 2995 vengeance

75 3003 106 3035 on
118 2987 270 3044 Ariovistus,
284 3003 311 3035 or
321 2987 393 3048 expel
404 2987 463 3039 him.
477 2987 527 3036 still
540 2995 635 3044 (tumen)
645 2988 704 3048 they
714 3003 771 3047 may
782 2987 840 3034 taho
851 2996 878 3034 to
887 2985 964 3046 flrght.

104 3075 180 3123 ⁴The
197 3082 235 3122 eet
252 3073 280 3122 of
295 3074 411 3123 kindness
427 3084 453 3122 tc
469 3073 549 3123 which
566 3074 728 3126 Caeserhere
745 3072 838 3141 alludes
854 3073 883 3128 is,
900 3071 952 3126 thet
970 3071 995 3120 in

76 3133 194 3203 Caesar’s
205 3133 329 3182 consulshi
348 3170 354 3190 ,
365 3133 412 3182 and
422 3133 492 3182 throu
511 3134 526 3182 h
537 3134 575 3182 hia
584 3133 712 3189 influence‚
725 3133 863 3200 Ariouistus
874 3130 921 3198 had
932 3130 994 3180 been

76 3193 316 3302 peccplmsfetqlbpzthe
357 3207 447 3312 terrralplse
453 3209 480 3241 as
491 3150 558 3254 ἕως,
571 3193 618 3242 end
635 3191 758 3242 honoured
769 3190 828 3240 with
840 3188 882 3239 tho
897 3188 951 3240 title
962 3189 992 3240 ol

84 3269 137 3302 nen
165 3268 180 3300 ο
229 3268 242 3300 e
279 3267 407 3312 omanpeo
450 3288 455 3300 .

104 3340 192 3390 ‘Thai
204 3340 234 3398 is,
247 3349 274 3389 ut
282 3349 414 3403 prepterea.
445 3339 492 3390 Sea
503 3355 526 3390 v.
539 3341 576 3389 ³1.
