2296 3796
477 341 571 384 arasa
591 343 613 387 r.
966 325 1006 386 tr

79 464 161 506 usum
175 450 313 506 habebant
321 453 339 505 :¹
355 469 468 522 quorum
478 452 548 506 alius
559 453 611 508 alia
623 469 704 508 causa
721 452 801 523 illata,
814 469 896 522 quam
909 452 958 506 sibi
971 453 1005 506 ad

79 523 307 591 proficiscendum
315 522 492 578 necessariam
500 539 560 576 esse
568 522 675 592 diceret,
685 523 801 592 petebat,
812 531 840 574 ut
849 522 908 592 ejus
917 522 1005 576 rolun·

80 602 136 644 tate
161 591 303 644 discedere
321 591 412 645 liceret
419 609 427 660 3
454 591 572 646 nonnulli
598 591 697 662 pudore
722 592 840 659 adducti,
858 601 888 644 nt
906 592 1007 644 timoris

80 661 262 730 suspicionem
282 661 401 730 vitarent,
415 661 597 724 remanebant.
634 661 667 713 Hi
684 679 771 732 neque
785 661 888 714 vultum
905 661 1006 730 fingere

80 748 172 800 noque
192 729 325 784 interdum
343 731 468 784 lacrimas
485 741 577 784 tenere
595 740 728 800 poterant:
748 730 833 784 abditi
845 731 872 784 in
885 730 1006 784 taberna·

80 801 152 854 culis
164 809 213 852 aut
225 817 304 864 suurn
317 800 402 854 fatum
420 801 604 870 querebantur,
618 809 664 852 aut
682 817 745 854 cunr
763 800 939 852 familiaribus
952 801 1007 852 ruis

81 885 229 923 commune
243 871 391 938 periculum
402 871 604 924 miserabantur.
640 869 726 938 Vulgo
738 869 799 922 totis
816 869 909 922 castris
927 877 1006 921 testa·

80 949 178 992 menta
198 939 413 1007 obsignabantur.
449 941 549 994 Horum
570 939 681 992 vocibus
703 956 735 992 ac
759 940 853 992 timore
877 938 1006 1008 paulatim

81 1009 167 1062 etiam
182 1007 219 1077 hi,
232 1011 277 1078 qui
295 1027 424 1078 magnum
435 1009 461 1062 in
474 1010 567 1062 castris
584 1026 663 1062 usum
676 1009 819 1074 habebant,
834 1005 1006 1060 militassen-

81 1080 265 1147 turionesque,
279 1079 378 1148 quique
390 1079 519 1148 equitatui
530 1088 675 1149 praeerant,
689 1077 918 1147 perturbabantur.
953 1076 1005 1135 Qui

82 1166 112 1201 se
132 1165 169 1200 ex
187 1148 231 1200 his
248 1149 337 1202 miuus
354 1149 461 1201 timidos
478 1149 625 1202 existimari
637 1148 769 1217 volebant,
782 1164 832 1200 nou
852 1164 881 1200 se
901 1145 1005 1200 bostem

81 1217 181 1285 vereri,
195 1216 243 1269 sed
262 1218 399 1286 angustias
411 1219 511 1272 itineris
522 1227 549 1270 et
561 1217 771 1282 magnitudinem
789 1217 923 1286 silvarum,
936 1232 1005 1284 quae

82 1287 155 1340 inter
167 1304 213 1338 eos
232 1296 313 1356 atque
325 1288 487 1340 Ariovistum
506 1287 707 1356 intercederent,
719 1295 766 1340 aut
786 1303 842 1338 rem
861 1285 1006 1338 frumenta·

82 1357 173 1426 riam,²
192 1364 220 1408 ut
240 1359 304 1410 satis
324 1357 464 1410 commode
483 1357 628 1427 supportari
647 1364 743 1424 posset,
763 1355 856 1410 timere
873 1354 1005 1408 dicebant.

81 1425 214 1480 Nonnulli
233 1427 315 1479 etiam
334 1426 440 1479 Caesari
458 1425 650 1494 renuntiabant,
669 1441 732 1478 cum
751 1433 837 1476 castra
856 1424 956 1476 moveri
974 1441 1006 1476 ao

82 1497 163 1564 signa
181 1496 243 1548 lerri
259 1495 390 1565 jussisset.
409 1513 460 1549 non
478 1495 534 1548 sore
551 1495 621 1548 dicto
639 1493 781 1546 audientes
799 1492 899 1546 milites
917 1509 1006 1562 neque

82 1577 193 1636 propter
204 1566 327 1619 timorem
340 1566 415 1634 signa
427 1566 532 1618 laturos.

120 1640 164 1688 40.
183 1635 258 1688 llaec
270 1652 332 1689 curn
344 1635 582 1702 animadvertisset,
595 1640 738 1686 convocato
756 1630 864 1684 consilio
876 1631 1006 1684 omnium·

82 1720 140 1774 que
164 1703 296 1758 ordinum⁸
312 1705 346 1758 ad
365 1705 392 1758 id
410 1704 548 1758 consilium
564 1703 692 1757 adhibitis
709 1701 907 1755 centurionibus
927 1699 1007 1753 vebo·

82 1783 193 1826 menter
203 1789 250 1826 eos
262 1774 408 1828 incusavit:
427 1773 550 1842 primurn,
564 1772 634 1842 quod
646 1781 693 1826 aut
705 1788 786 1842 quarn
800 1771 826 1824 in
838 1779 950 1840 partem,
961 1778 1007 1824 aut

83 1859 138 1912 quo
164 1843 273 1896 oonsilio
297 1841 463 1913 ducerentur,
482 1842 532 1895 sibi
557 1840 741 1912 quaerendum
766 1848 812 1894 aut
837 1839 1006 1921 cogitandum

82 1921 218 1983 putarent.
255 1913 417 1967 Ariovistum
435 1929 465 1964 se
483 1913 591 1964 consule
609 1911 782 1981 cupidissime
794 1909 884 1981 populi
896 1909 1007 1964 Romani

82 1982 232 2035 amicitiam
245 1982 395 2052 appetisse:
416 1998 463 2034 cur
472 1980 542 2034 bunc
553 1990 606 2034 tarn
617 1990 718 2034 temere
726 1981 867 2050 quisquam
877 1979 1007 2034 abofficio

83 2051 268 2104 discessurum
285 2050 437 2121 judicarem
473 2049 527 2103 Sibi
558 2049 649 2103 uidem
661 2049 813 2119 persuaderi
827 2049 940 2120 cognitis
952 2049 1007 2102 suis

82 2118 227 2191 postulatis
244 2129 324 2190 atque
341 2121 476 2190 aequitate
494 2067 674 2173 sorbitionem
691 2127 831 2190 perspecta
843 2137 906 2173 eum
919 2135 1007 2190 neque

84 2207 164 2244 suem
188 2205 275 2260 neque
290 2189 380 2260 populi
394 2190 506 2244 Romani
516 2189 631 2258 gratiam
643 2189 851 2258 repudiaturum.
888 2189 964 2250 Quod
983 2206 1007 2241 sr

73 2259 176 2312 ,surore
188 2267 269 2328 atque
281 2260 399 2314 amentia
410 2257 541 2330 impulsus
552 2259 653 2312 bellurn
666 2258 806 2328 intulisset,
820 2259 884 2328 qnid
898 2258 1007 2312 tandem

84 2329 260 2382 vererenturl
277 2337 324 2382 aut
344 2345 391 2382 our
410 2329 445 2382 de
466 2345 514 2382 sua
531 2329 628 2382 virtute
647 2337 694 2382 aut
713 2329 748 2381 ‹le
767 2327 851 2398 ipsius
870 2328 1008 2398 diligentia

84 2397 278 2467 desperarent
297 2398 410 2452 Factum
421 2397 480 2468 ejus
491 2396 734 2467 bostispericulum
778 2408 848 2450 trum
860 2406 1006 2451 nostrorum

84 2468 226 2536 memoria,
239 2484 302 2522 cum
321 2467 434 2522 Cimbris
453 2475 480 2520 et
492 2467 620 2520 Teutonis
638 2485 654 2520 a
672 2415 832 2520 Caiolllario
853 2466 937 2537 pulsis
955 2483 1006 2519 non

84 2536 218 2590 minorem
230 2536 337 2590 laudern
350 2537 488 2607 exercitus,
501 2554 584 2607 quam
595 2537 653 2608 ipse
665 2536 806 2607 imperator
815 2536 925 2589 meritus
933 2535 1005 2588 vids-

116 2725 125 2753 ¹
143 2721 235 2772 Caesar
245 2739 295 2772 was
312 2721 481 2782 accompanied
497 2723 522 2771 in
532 2721 598 2771 ‚Gaul
613 2723 647 2783 by
657 2739 672 2770 a
687 2721 752 2784 large
768 2723 871 2770 number
885 2722 914 2770 cf
925 2734 1006 2784 young

88 2781 208 2838 Romans,
220 2782 276 2830 who
286 2782 373 2832 sarred
384 2799 410 2832 us
421 2784 529 2831 tribunes
540 2783 568 2830 ol
576 2782 615 2830 the
627 2781 737 2839 acidiora,
751 2797 777 2830 or
788 2798 814 2830 os
825 2781 920 2830 officere
931 2781 959 2830 of
966 2779 1006 2830 the

88 2842 208 2902 auxiliary
218 2851 307 2901 troops.
462 2851 465 2856 '

76 2927 79 2940 ¹
116 2917 126 2945 ¹
137 2915 193 2963 The
204 2916 340 2964 accusative
351 2933 398 2964 rem
406 2917 591 3024 promeritoriam
602 2915 622 2963 is
633 2931 647 2964 a
658 2914 820 2963 construction
832 2914 935 2974 adopted
945 2914 1007 2964 from

87 2976 131 3026 the
144 2975 228 3023 Greek
244 2973 315 3035 lengo
349 2991 371 3031 s,
384 2991 407 3022 w
426 2990 465 3022 sre
481 2975 499 3022 it
516 2976 536 3024 is
546 2991 605 3034 very
616 2989 741 3034 commum
759 2974 800 3022 tho
811 2974 923 3034 ordinary
934 2973 1007 3025 Latin

75 3045 77 3052 '
88 3034 254 3086 construction
263 3034 326 3085 woul
353 3036 397 3083 be:
415 3041 457 3082 aut
466 3035 670 3095 reafrrrmerrtorio
680 3035 741 3081 rotis
751 3036 862 3082 commode
871 3042 1007 3096 supportari

91 3103 179 3160 posset

117 3169 303 3238 ‘Tharrana
319 3183 359 3237 aro
375 3167 417 3216 the
431 3169 556 3230 manipuli,
569 3167 597 3216 ol
608 3167 688 3236 which
704 3167 772 3216 there
788 3161 852 3235 prere
868 3167 943 3228 thirty
953 3169 978 3217 in
993 3184 1007 3218 a

88 3231 179 3292 legion,
191 3227 244 3276 {aud
262 3227 330 3296 three
346 3242 370 3274 m
386 3243 401 3296 a
415 3227 505 3295 cohorr.
536 3227 603 3275 Each
619 3227 700 3334 lapion
715 3226 762 3274 had
777 3237 843 3295 sixty
853 3228 1004 3287 centurions;

88 3287 356 3408 pppeppntthprppensrplss
367 3285 468 3336 drffered
478 3302 502 3334 ur
513 3287 581 3344 rank,
594 3301 622 3336 so
633 3303 647 3335 a
657 3301 684 3335 so
695 3286 736 3334 the
748 3294 886 3334 centurions
897 3303 961 3337 were
978 3293 1002 3338 ot
