2296 3796
133 311 173 374 ao
433 336 474 378 nr
495 333 591 376 aaran
611 333 748 376 otanroo.

133 440 199 497 niun
211 456 271 496 esee
283 442 386 514 reliqui.
397 399 521 505 sonibus
533 444 612 499 rebus
623 443 756 498 adductus
767 443 864 498 Caesar
875 461 927 498 non
939 461 1056 514 exspao·

133 512 245 566 tandum
258 513 308 567 sibi
320 513 419 586 statuit,
433 514 633 569 durnomnibus
643 514 755 568 fortunis
767 515 898 568 sociorum
909 531 1057 586 consump·
1144 521 1145 582 j

133 582 206 640 tis.in
218 582 347 636 Santonos
356 584 473 638 Helvetii
484 585 661 655 pervenirent.

171 657 211 705 12.
231 651 344 706 Flumen
362 663 403 708 est
421 657 504 724 Arar,¹
523 653 592 734 quod
605 671 653 724 per
664 653 732 707 fines
744 652 899 707 Aeduorum
912 662 940 708 et
951 653 1056 724 Sequa·

133 736 227 776 norum
247 721 272 776 in
290 723 449 778 Rhodanum
467 724 561 793 influo,
574 722 723 777 incredibili
738 722 855 792 lenitate,
869 723 905 776 ita
917 735 947 777 nt
958 724 1055 794 oeulis,

134 792 161 845 in
172 801 259 846 utram
271 803 375 862 partem
387 794 459 865 fluat,
472 793 584 863 judicari
596 809 647 847 non
659 792 750 862 possit.
778 792 809 846 ld
822 792 939 847 Helvetii
951 793 1056 848 ratibus

133 877 167 916 ao
183 861 304 915 lintribus
322 863 420 932 junctis
440 863 594 917 transibant.
630 862 683 917 Ubi
700 879 747 932 per
764 863 943 986 exploratores
953 863 1056 916 Caeam

38 968 40 973 ·
133 931 228 984 certior
240 931 327 986 factus
338 942 444 1008 est,tres
454 933 509 1003 jaro
519 942 608 1002 partes
617 932 752 1002 copiarum
761 932 802 984 He
813 933 899 986 vetica
910 933 936 986 id
949 933 1053 986 flumen

134 999 291 1070 traduxisse,
303 1010 425 1070 quartam
434 1017 496 1056 vero
504 1012 608 1072 partem
616 1003 683 1059 citra
694 1002 794 1056 flumen
807 1003 912 1058 Ararim
922 1002 1055 1072 reliquam

133 1086 201 1140 esse,
215 1070 260 1122 de‘
272 1072 349 1124 tertia
358 1072 446 1141 vigilia
458 1089 521 1125 oum
533 1071 682 1140 legionibus
690 1072 774 1125 tribus
783 1089 798 1124 e
807 1071 1068 1149 castris⁸profectns)

131 1139 166 1192 ad
179 1156 241 1194 earn
253 1149 356 1209 partem
368 1142 496 1211 pervenit,
505 1157 575 1211 quae
588 1139 705 1195 nondum
718 1141 819 1194 flumen
832 1142 977 1194 transierat.
997 1141 1054 1194 Eos

132 1209 276 1278 impeditos
295 1219 322 1262 et
343 1211 508 1281 inopinantes
527 1210 672 1281 adgressus
691 1227 817 1278 magnam
837 1219 940 1280 partem
958 1226 1052 1264 eorum

131 1269 262 1333 concidit:
288 1279 381 1349 reliqui
405 1297 465 1334 sese
488 1280 569 1348 fugae
590 1289 849 1354 manarun17atue
870 1279 896 1332 in
917 1279 1054 1348 proximas
1144 1323 1145 1344 2

131 1347 213 1410 silvas
236 1349 404 1403 abdiderunt.
440 1350 466 1404 Is
488 1367 574 1421 pagus
596 1349 781 1420 appellabatur
827 1349 961 1418 igurinus;
987 1366 1053 1404 uam

131 1419 220 1471 omnis
231 1418 325 1472 civitas
336 1418 459 1474 Helvetia
471 1421 498 1474 in
510 1429 622 1491 quatuor
634 1437 716 1490 pagos
728 1418 814 1472 divisa
826 1427 876 1471 ast.
902 1419 953 1472 Hic
965 1435 1053 1488 pagus

131 1503 208 1558 unus,
222 1505 285 1542 cnm
303 1488 382 1542 domo
400 1482 508 1560 arsisset,
521 1500 627 1560 patrum
645 1497 790 1542 nostrorum
804 1488 933 1540 memoria
945 1488 975 1541 L.
988 1487 1052 1541 Cas-

129 1557 201 1611 sium
213 1559 351 1614 consulem
364 1559 532 1613 interfecerat
544 1569 571 1613 et
584 1557 643 1612 e'us
652 1557 797 1612 exercitum
806 1558 857 1610 sub
867 1556 960 1626 jugum
969 1556 1051 1611 mise·

129 1628 190 1680 rat.⁴
225 1629 265 1681 lta
285 1630 341 1682 sive
360 1645 433 1698 casu,
447 1630 504 1682 sive
523 1629 595 1682 consi
608 1629 632 1682 io
650 1628 760 1680 deorum
769 1626 965 1696 immortalium,
979 1643 1051 1697 quae

128 1713 192 1776 pars
204 1698 320 1751 civitatis
332 1698 471 1751 Helvetiae
484 1698 614 1766 insignem
627 1697 809 1750 calamitatem
822 1696 918 1766 populo
930 1697 1051 1751 Romano

129 1767 264 1836 intulerat,
277 1783 309 1819 ea
322 1767 444 1837 princeps
456 1783 556 1836 poenas
567 1767 701 1837 persolvit.
736 1761 796 1825 Qus
808 1766 833 1819 in
847 1783 874 1820 re
887 1768 985 1820 Caesar
997 1783 1052 1822 non

130 1837 217 1890 solum
245 1836 354 1904 ublioss,
364 1836 412 1888 sed
422 1837 504 1890 etiam
516 1838 633 1907 privatas
645 1836 755 1907 iujurias
766 1836 838 1890 ultus
850 1846 898 1906 est,
905 1835 977 1917 quod
990 1835 1052 1906 ejus

129 1905 214 1960 soceri
226 1853 257 1957 l.
270 1905 382 1958 Pisonis⁶
392 1923 481 1975 arurn,
495 1907 525 1959 L.
539 1907 662 1964 Pisonem
680 1906 807 1975 legatum,
820 1906 939 1976 Tigurini
951 1905 1050 1960 eodem

129 1973 229 2045 proelio
251 1990 303 2044 quo
316 1974 437 2028 Cassium
450 1975 644 2030 interfecerant.

167 2047 206 2096 13.
252 2060 284 2096 oc
301 2043 402 2112 proelio
419 2044 489 2097 fecto
508 2046 623 2116 reliquas
639 2045 730 2114 copias
746 2044 928 2099 Helvetiorum
945 2052 975 2098 ut
987 2060 1049 2099 con·

129 2112 206 2182 sequi
218 2121 315 2182 posset,
326 2121 433 2182 pontem
446 2115 472 2167 in
482 2117 566 2168 Arare
578 2115 732 2169 faciendum
745 2124 820 2168 curat
831 2123 913 2184 atque
926 2115 962 2168 ita
973 2130 1050 2168 exer·

129 2181 213 2236 citum
232 2181 354 2236 traducit.
390 2183 507 2237 Helvetii
530 2185 666 2254 repentino
690 2183 749 2254 ejus
771 2183 889 2238 adventu
912 2182 1047 2254 commoti,

129 2267 192 2306 cum
206 2251 240 2320 id,
253 2250 323 2320 quod
336 2251 386 2322 ipsi
398 2253 494 2307 diebus
505 2272 550 2308 xx.
560 2255 708 2323 aegerrime
720 2254 898 2323 confecerant,
907 2263 937 2308 ut
946 2254 1048 2308 flumen

129 2321 278 2391 transirent,
292 2321 368 2375 illurn
385 2339 445 2376 uno·
456 2322 501 2376 die
513 2323 610 2376 fecisse
623 2323 810 2394 intelligerent,
823 2322 925 2392 legatos
935 2322 969 2376 ad
982 2339 1049 2378 eum

157 2507 166 2537 ¹
176 2506 230 2554 The
242 2507 305 2556 river
313 2509 377 2558 Arar
387 2510 408 2558 is
419 2509 461 2558 the
472 2508 572 2558 modern
581 2509 669 2565 Saone,
680 2509 760 2558 which
769 2509 839 2558 flows
848 2509 899 2560 into
906 2509 948 2558 tha
958 2508 1046 2559 Rhone

128 2575 152 2615 at
169 2566 260 2627 Lyons.
291 2567 315 2614 It
330 2569 432 2625 formed,
450 2578 475 2616 to
491 2585 506 2617 a
521 2569 686 2617 considerable
702 2579 795 2625 extent,
808 2569 850 2617 the
866 2569 992 2629 boundary
1003 2570 1046 2617 be·

40 2678 42 2683 ¹
128 2635 209 2673 tween
224 2626 265 2674 tha
286 2627 392 2686 Sequani
409 2628 456 2676 and
472 2628 563 2684 Aedui,
581 2627 682 2676 whence
693 2630 758 2690 finer
775 2629 832 2677 here
851 2627 896 2676 has
912 2627 943 2676 its
959 2642 1047 2688 proper

127 2685 249 2745 meaning,
265 2687 421 2747 ‘boundaryl

156 2757 218 2811 ’Da
232 2757 304 2805 when
316 2759 399 2818 joined
407 2758 474 2812 „with
491 2759 571 2810 words
586 2759 728 2820 expressing
743 2759 811 2816 tirno,
830 2758 947 2807 indicates
962 2757 1014 2807 that
1031 2775 1047 2808 a

107 2827 110 2830 ·
127 2826 179 2876 part
190 2815 219 2864 of
226 2816 278 2864 that
289 2817 347 2864 time
358 2816 379 2865 is
391 2827 461 2876 spent
473 2817 611 2878 alnngwith
622 2819 663 2866 the
674 2819 733 2867 time
743 2817 823 2867 which
834 2818 937 2866 follows.
960 2817 1045 2867 Hence

128 2875 278 2924 Caesarhere
290 2887 327 2922 sst
338 2876 525 2946 outboforeglre
537 2877 601 2936 third
609 2877 688 2925 warch
700 2893 750 2926 was
762 2887 786 2925 at
797 2892 828 2926 an
838 2877 893 2925 end.
926 2876 981 2925 The
993 2875 1044 2926 Ro·

127 2949 197 2984 mans
208 2934 304 2983 divided
315 2935 377 2982 their
387 2935 470 2996 nights
479 2935 712 3006 antelongpp'giffioe,
723 2935 804 2986 which
814 2935 916 2985 differed
926 2935 951 2984 in
959 2935 1045 2998 length
1144 2969 1145 2986 .

127 2993 254 3054 according
265 3004 290 3040 to
301 2993 342 3041 the
354 3009 441 3042 resson
451 2993 479 3042 of
486 2994 527 3042 tha
538 3009 603 3054 year.
619 3014 620 3017 ¹
1144 2993 1145 3032 l

156 3066 212 3115 'He
223 3065 270 3114 had
281 3065 377 3125 pitched
389 3066 427 3116 his
438 3067 623 3127 head-quartem
633 3069 659 3116 in
669 3067 710 3117 the
720 3069 834 3129 territory
845 3067 873 3116 of
883 3067 926 3116 the
943 3069 1043 3132 Segusi·
1144 3091 1145 3110 r

127 3125 174 3181 ani,
187 3126 300 3174 between
310 3126 352 3174 the
364 3126 451 3174 Rhene
463 3126 509 3203 and
520 3127 561 3176 tha
574 3126 661 3176 Saone.
692 3127 739 3178 Sca
750 3127 819 3187 chap.
833 3131 869 3185 10,
882 3128 908 3176 in
917 3127 959 3178 fin.

155 3200 164 3228 4
1144 3229 1145 3232 ,

156 3197 303 3327 ’ἓξὲεὲξῗξὲι
312 3203 338 3320 is.
347 3287 367 3321 c.
380 3275 419 3330 59,
432 3271 480 3321 had
495 3273 598 3322 married
615 3235 754 3335 Calpurnia,
767 3272 809 3322 tho
820 3272 940 3334 daughter
953 3271 982 3322 of
992 3273 1042 3324 Lu·
1144 3233 1145 3292 l

126 3328 178 3378 cius
191 3328 257 3385 Piso,
269 3331 354 3380 consul
365 3332 389 3379 in
401 3347 424 3379 a.
433 3347 454 3380 c.
466 3335 504 3380 58.
536 3332 592 3381 The
608 3332 667 3382 Piso
679 3333 733 3380 who
749 3333 796 3382 had
812 3334 874 3381 been
884 3331 996 3383 defeated
1010 3335 1045 3397 by

126 3386 169 3437 tha
181 3385 292 3449 Tigurini
303 3405 354 3440 was
366 3391 407 3440 tbe
417 3390 572 3454 grandfather
581 3389 610 3440 of
618 3391 731 3440 Cassar'r
741 3391 918 3448 father-influis
