2268 3786
373 315 376 330 ,
474 279 566 322 arasa
584 279 612 323 r.
951 265 1008 324 tta

81 388 258 462 praefecerat,
270 389 367 444 cenior
377 400 419 446 est
430 388 525 458 sactus
538 406 651 459 tnagm
662 389 799 446 Gallorum
810 391 903 472 copias
913 407 1004 446 earum
1061 409 1074 434 ·

81 463 232 529 civitatum,
245 477 314 530 quae
326 460 489 514 Armoricae
500 460 673 530 appellantur,
686 460 855 530 oppugnandi
868 463 914 530 ‘sui
926 478 1004 515 causa

81 531 259 585 convenisse:
277 547 365 599 neque
389 529 493 598 longius
514 529 587 582 inilia
610 546 737 599 passum
756 547 818 584 virt.
836 531 872 584 ab
889 531 1007 585 hibernis

80 602 139 655 suis
157 599 292 667 abluisse,
310 598 358 652 sed
375 599 472 652 nuncio
489 598 570 652 allato
587 598 623 652 de
640 599 749 652 victoria
766 600 895 671 Caesaris,
908 600 1007 655 disces·

81 672 160 738 sisse,
173 667 249 734 adeo,
262 679 292 722 ut
303 669 382 737 fugae
395 666 490 721 similis
501 668 637 721 discessus
647 668 790 722 videretur.

118 745 163 792 54.
181 742 216 792 At
228 739 333 807 Caesar,
346 737 510 808 principibus
521 737 652 808 cujusque
664 739 779 794 civitatis
789 739 824 792 ad
837 741 1005 810 seerocstis,

81 810 152 864 alias
164 807 313 878 territando,
326 824 411 877 quum
423 825 453 860 se
464 807 540 875 scire,
553 825 623 878 quae
634 807 735 877 fierent,
748 807 928 878 denunciaret,
941 810 1007 864 alias

82 877 253 945 cohortando,
266 894 394 946 magnam
405 886 509 948 partem
520 878 624 932 Galliae
636 877 662 931 in
675 878 763 932 offic-io
775 879 867 934 tenuit.
904 881 1007 933 Tamen

83 950 212 1016 Senones,
232 964 302 1015 quae
325 955 367 1000 est
389 947 483 999 civitas
507 947 533 1001 in
556 949 650 1018 primis
668 948 744 1004 lirosa
761 957 788 1002 et
808 966 922 1018 magnae
940 951 1007 1002 inter

83 1019 177 1073 Gallos
195 1018 365 1086 auctoritatis,
378 1017 546 1084 Cavarinum,
560 1033 641 1086 quern
652 1017 751 1072 Caesar
761 1020 833 1088 apud
853 1036 899 1072 eos
917 1035 1008 1088 regern

84 1088 258 1142 constituerat
281 1085 371 1156 (cujus
393 1086 474 1139 frater
496 1087 666 1156 Moritasgus,
690 1087 818 1141 adventu¹
842 1091 867 1142 in
891 1089 1006 1142 Galliam

84 1157 215 1223 Caesaris,
234 1156 364 1226 cujusque
387 1156 502 1226 majores
525 1173 637 1224 regnum
658 1156 838 1229 obtinuerant)
861 1159 1007 1212 interficere

84 1227 193 1298 publico
206 1225 316 1280 consilio
328 1227 423 1294 eonati,
436 1243 518 1296 quum
532 1225 577 1279 ille
589 1228 780 1296 praesensisset
797 1243 830 1280 ao
841 1227 1006 1298 profugisset,

85 1296 219 1366 usquead
231 1295 300 1348 fines
311 1296 432 1364 insecuti,
447 1312 526 1364 regno
538 1295 671 1364 domoque
689 1296 861 1366 expulerunt:
880 1307 907 1350 et
920 1297 1008 1350 missis

85 1366 120 1420 ad
132 1367 277 1420 Caesarem
290 1364 483 1418 satisfaciund?
495 1381 577 1418 causa
588 1363 691 1434 legatis,
705 1381 789 1434 quum
807 1366 831 1418 is
847 1382 955 1420 omnem
972 1365 1007 1420 ad

85 1453 115 1490 se
128 1445 254 1492 senatum
265 1435 357 1488 venire
368 1432 498 1504 jussisset,
506 1434 577 1488 dicto
585 1434 726 1487 audientes
738 1451 789 1487 non
801 1433 915 1490 suemnt.
939 1437 1008 1488 Tau·

86 1515 144 1560 turn
156 1505 227 1574 apud
241 1504 363 1558 homines
374 1504 499 1558 barbaros
511 1503 601 1572 valuit,
614 1519 675 1557 esse
693 1515 810 1572 repertos
827 1503 929 1573 aliquos
940 1505 1008 1573 prin·

85 1575 171 1645 cipes*
187 1573 253 1629 belli
272 1572 412 1643 inserendi,
431 1583 588 1642 sanumque
605 1571 731 1626 omnibus
746 1571 913 1626 voluntatum
936 1589 1008 1625 com·

85 1644 263 1698 mutationem
280 1643 388 1713 attulit,⁸
399 1653 436 1712 ut,
449 1653 553 1712 praeter
565 1642 674 1696 Aeduos
692 1650 719 1695 et
730 1642 835 1710 Remos,
848 1657 916 1711 quos
933 1657 1007 1711 prae·

85 1714 164 1783 eipso
189 1730 296 1783 semper
313 1712 412 1767 honore
435 1713 533 1765 Caesar
555 1711 655 1781 habuit,
673 1711 771 1764 alteros
793 1727 839 1782 pro
862 1721 953 1764 vetere
975 1727 1008 1763 ac

85 1800 121 1852 pe
170 1791 216 1836 tua
233 1799 297 1851 erga
308 1781 435 1852 populum
446 1783 595 1836 Romanurn
607 1780 668 1850 fide,
680 1780 778 1834 alteros
795 1795 841 1851 pro
858 1780 1009 1835 recentibus

85 1852 136 1906 Gal
150 1852 184 1906 ici
207 1851 271 1905 belli
294 1851 396 1922 officiis,
421 1850 495 1904 nulla
517 1850 574 1904 sere
597 1850 691 1904 civitas
714 1849 793 1903 luerit
810 1867 861 1906 non
885 1859 1010 1920 suspecta

84 1917 173 1976 nobis.
209 1921 292 2001 quue
310 1920 379 1974 meo
397 1919 469 1974 baud
487 1921 543 1973 scio
561 1921 749 1974 mirandumne
766 1920 818 1989 sit,‘
836 1937 920 1990 quum
937 1937 1008 1974 com·

84 1991 208 2062 pluribus
224 1990 285 2044 aliis
301 1989 336 2044 de
353 1991 450 2059 causis,
471 1999 529 2043 tum
546 1989 674 2059 maxime,
686 1989 757 2059 quod
774 1989 820 2059 qui
831 1991 927 2043 virtute
945 1990 1009 2044 belli

84 2060 213 2114 omnibns
235 2059 360 2128 gentibus
379 2059 602 2130 praeferebantur,
621 2068 724 2114 tantum
748 2075 778 2112 se
801 2059 860 2131 ejus
882 2061 1009 2130 opinionis

85 2129 290 2252 deper‘tilirllisssef
302 2137 330 2183 ut
342 2145 359 2182 a
371 2127 467 2200 populo
478 2129 596 2184 Romano
615 2129 728 2198 imperia
744 2127 899 2200 perferrent,
911 2129 1009 2197 gravis-

86 2215 157 2252 sime
188 2216 230 2251 oe
268 2207 304 2251 nt.

122 2273 167 2322 55.
185 2267 287 2321 Treviri
303 2283 365 2320 vero
382 2275 464 2336 atque
482 2266 678 2320 Indutiomarus
694 2267 775 2320 totius
791 2265 891 2320 hiemis
907 2267 1010 2321 nullum

86 2347 197 2408 tempus
216 2337 419 2406 intermiserunt,
433 2336 497 2406 quin
515 2344 587 2390 trans
603 2337 727 2391 Rhenum
745 2334 848 2404 legatos
865 2335 1008 2407 mitterent,

117 2494 259 2542 ¹Arnrorica
275 2492 411 2554 comprlsed
427 2463 521 2542 several
537 2494 621 2549 tribes,
633 2490 917 2600 'ndfflffi‘mfflhm
929 2491 1009 2541 which

85 2552 214 2604 inhabited
224 2553 266 2600 the
277 2552 377 2621 marsby
387 2552 434 2600 and
444 2552 522 2602 fertile
533 2551 640 2602 districts
650 2567 680 2600 ne
776 2565 826 2607 ses,
840 2551 952 2599 between
967 2551 1009 2600 the

83 2615 166 2664 rivers
178 2611 249 2660 Scine
260 2612 307 2660 and
318 2611 398 2660 Lorre.

85 2683 204 2795 sebTbfft
216 2685 245 2766 is,
260 2689 298 2733 ‘st
309 2684 351 2734 the
362 2685 421 2734 time
432 2683 461 2733 oi
470 2684 585 2734 Csasar’s
596 2683 682 2733 arrival
692 2683 717 2731 iu
727 2681 792 2732 Gaul
800 2683 817 2740 ς’
835 2681 931 2743 supply,
946 2682 1007 2732 ‘had

117 2759 284 2878 'batrbffibcere
293 2817 351 2866 ltere
362 2817 471 2878 signifies
485 2823 525 2866 ‘to
536 2815 675 2879 apologise!

117 2888 253 2952 ‘Princeps
265 2893 319 2940 belli
334 2893 455 2952 inserendi
465 2890 485 2938 is
496 2889 537 2938 the
548 2905 635 2950 person
646 2887 701 2938 who
711 2888 764 2938 first
774 2889 831 2938 stirs
842 2903 875 2949 up
885 2903 900 2936 s
910 2903 967 2938 war.

117 2963 242 3020 ·Artarir,·
261 2963 302 3011 the
312 2965 408 3024 subject
421 2963 449 3011 oi
461 2963 510 3011 this
520 2963 588 3019 verb,
601 2978 627 3010 as
644 2961 672 3011 ol
685 2962 726 3011 the
759 2961 873 3022 receding
888 2963 973 3018 velud,
986 2961 1007 3010 is

86 3024 132 3073 the
142 3023 226 3071 clause
237 3039 288 3071 ease
298 3032 400 3085 repertos
410 3025 503 3084 oliqtm
511 3022 630 3085 principes
641 3023 695 3070 belli
705 2975 831 3082 inssrcndi.

117 3093 204 3164 ‘Thst
216 3093 249 3164 is,
261 3095 323 3144 ‘and
333 3095 346 3144 1
357 3111 396 3166 arn
407 3110 469 3144 even
480 3093 583 3143 inclined
594 3104 619 3162 to
628 3094 727 3142 wonder
737 3103 761 3142 at
772 3093 838 3142 this?
865 3091 920 3141 The
927 3091 1006 3141 whole

86 3169 236 3276 cuffiam
237 3171 277 3262 1¹30
274 3170 293 3261 a)
298 3154 435 3273 rgedgffgbdl
437 3169 508 3274 {³be
509 3153 603 3261 ppptclpp
612 3167 635 3200 rn
646 3169 660 3200 a
671 3152 781 3202 doubtsul
796 3167 896 3202 manner
911 3151 963 3199 that
978 3151 1007 3200 os

87 3231 127 3316 π’
138 3285 193 3335 The
205 3285 322 3334 infinitivo
333 3289 492 3355 deperditione
501 3284 609 3358 depende
619 3299 683 3355 upon
693 3285 812 3355 Musas,-
829 3283 875 3332 and
892 3285 942 3345 ejus
958 3287 1006 3347 opi·

87 3348 170 3397 nimo
182 3356 247 3395 must
258 3347 289 3395 be
300 3345 428 3405 explained
438 3348 507 3406 byss
517 3345 669 3394 venerabelis
680 3345 804 3404 pne'errr.
