2268 3786
446 327 537 370 uasa
557 329 585 370 v.
919 309 974 370 tet

51 439 187 496 niilitibns
205 438 237 498 Q.
255 437 388 492 Titurium
407 438 534 493 Sabinum
553 447 580 492 et
598 439 629 494 L.
642 437 851 494 Aurunculeium
871 437 974 492 Cottam

52 511 156 580 legatos
177 525 300 579 praeesse
317 507 403 578 jussit.
439 508 482 562 Ad
502 509 573 562 bunc
596 509 706 562 modurn
730 509 877 562 distributis
895 509 974 578 legio·

52 581 140 647 nibus,
162 579 292 632 facillime
305 578 408 646 inopiae
421 578 609 632 frumentariae
618 597 677 632 sese
685 579 786 632 mederi
830 595 873 630 sse
885 579 974 632 existi·

52 651 155 704 mavit:
176 657 257 718 atqua
269 647 362 700 harum
377 658 466 701 tamen
485 649 605 702 omniurn
618 648 750 729 legionum
763 593 875 701 hibdrna
888 650 974 728 (prae-

52 728 93 773 ter
110 735 186 786 eam,
206 735 287 786 qnam
306 717 336 770 L.
354 717 450 770 Roscio
468 718 495 770 in
548 720 709 772 catisstmam
735 726 761 770 et
779 719 973 788 quietissimam

87 797 158 842 rtem
179 786 329 840 ducendam
341 786 465 856 dederat)
476 788 512 840 rni
525 787 585 840 ibus
597 804 724 857 passuum
737 797 845 841 centum
859 789 974 840 contine·

105 867 160 910 tur.
198 857 259 926 lpse
277 857 386 936 interea,
405 857 492 926 quoad
512 857 629 926 legiones
651 857 793 910 collocatas
818 857 974 929 munitaque

53 927 171 982 hiberna
182 926 371 994 cognovisset,‘
379 943 404 978 rn
417 925 504 979 Gallia
515 926 611 980 morari
624 927 766 980 constituit.

88 1001 132 1050 25.
154 997 219 1050 Erat
232 995 259 1046 in
270 995 429 1048 Camutibus
447 1012 552 1050 summo
570 995 638 1048 toco¹
649 1004 727 1048 natus
737 997 885 1064 Tasgetius,
898 995 976 1066 cujus

53 1067 173 1137 majores
191 1065 218 1117 in
236 1081 284 1116 sua
301 1064 410 1118 civitate
435 1081 543 1134 regnum
568 1065 745 1118 obtinuerant.
782 1065 850 1118 Huic
868 1067 974 1135 Caesar,

53 1134 184 1259 &squ-⁸
200 1135 296 1187 virtute
315 1145 396 1202 atque
417 1134 442 1187 in
463 1151 493 1188 se
509 1134 702 1214 benevolentia,
720 1134 791 1205 quod
808 1137 833 1188 in
853 1135 975 1190 omnibus

111 1223 120 1258 t

122 1223 136 1256 s
149 1202 275 1270 singulari
287 1202 346 1272 ejus
363 1219 443 1272 opera
455 1204 541 1257 fuerat
559 1221 632 1273 usus,
645 1221 776 1274 majorum
794 1205 883 1258 locum
902 1206 974 1258 resti·

54 1282 154 1328 tuerat.
190 1273 311 1326 Tertium
326 1271 384 1352 jam
397 1274 468 1326 hunc
485 1290 585 1326 annum
599 1284 752 1342 regnantem
765 1275 864 1327 inimici
876 1275 973 1345 palam,

53 1343 150 1396 multis
167 1341 249 1394 etiam
263 1342 416 1394 enervitate
434 1342 593 1411 auctoribus,
607 1343 680 1395 eum'
691 1343 887 1398 interfecerunt.
925 1345 975 1398 De·

54 1412 140 1466 fertur
153 1428 187 1464 ea
204 1411 292 1464 resad
304 1412 456 1464 Caesarem.
492 1411 540 1465 llle
552 1413 658 1481 veritus,
672 1412 741 1482 quod
759 1413 794 1465 ad
812 1413 901 1482 plnres
918 1431 975 1484 per·
1012 1426 1017 1437 ’

54 1481 178 1550 tinebat,⁴
189 1497 224 1533 nc
236 1481 331 1534 civitas
341 1496 434 1533 eorum
447 1482 564 1550 impulsu
575 1481 708 1550 deficeret,
721 1482 751 1535 L.
765 1481 893 1534 Plancum
912 1500 974 1536 curn

53 1550 162 1619 legione
174 1566 209 1602 err
221 1549 311 1618 Belgio
327 1549 449 1603 celeriter
461 1551 488 1603 in
500 1553 628 1604 Canrutes
646 1551 774 1620 proticisci
790 1551 867 1622 jubet
885 1550 975 1672 ibique

53 1619 196 1687 hiemare;
219 1634 385 1688 quorumque
407 1637 488 1690 opera
510 1619 660 1688 cognoverit
677 1620 833 1689 Tasgetium
851 1620 920 1673 inter
931 1637 974 1674 ec·

54 1697 122 1758 tum,
136 1689 186 1740 bos
202 1689 409 1757 comprehensos
425 1689 459 1743 ad
478 1707 507 1742 se
526 1690 641 1742 mittere.
677 1689 787 1744 Interim
804 1689 840 1744 ab
851 1689 976 1743 omnibus

53 1757 153 1826 legatis
175 1757 421 1828 quaestoribnsque,
445 1758 544 1828 quibus
567 1757 686 1826 legiones
704 1759 857 1828 tradiderat,
881 1749 976 1812 certior

53 1826 145 1906 factus
167 1835 217 1897 est,
242 1827 267 1880 in
292 1825 403 1880 hiberna
425 1835 584 1898 perventum
607 1828 749 1899 locumque
773 1829 898 1884 hibernis‘
915 1845 975 1882 esse

53 1907 200 1951 munitum.

90 1971 134 2018 26.
154 1965 257 2018 Diebus
279 1943 383 2030 cltiter
405 1983 461 2035 xv,
486 1965 583 2036 quibus
607 1967 633 2020 in
657 1966 767 2022 hiberna
790 1978 900 2022 ventum
925 1978 973 2039 est,

52 2036 163 2090 initium
182 2035 311 2104 repentini
330 2037 460 2088 tumultus
477 2053 509 2088 ac
526 2035 686 2090 defectionis
702 2046 787 2091 ortum
808 2047 848 2092 est
865 2039 900 2092 ab
912 2041 975 2094 Arn-

54 2104 158 2173 biorige
176 2113 203 2156 et
222 2104 371 2158 Cativolco:
396 2105 440 2174 qui
464 2121 549 2175 quum
573 2105 607 2158 ad
631 2107 699 2158 fines
722 2110 795 2178 regni
820 2112 860 2161 ani
880 2107 975 2162 Sabino

54 2174 204 2242 Cottaeque
228 2183 332 2243 praesto
351 2173 463 2226 fuissent
483 2174 701 2246 frumentumque
721 2177 748 2229 in
768 2177 878 2231 hiberna
905 2195 975 2232 cotn-

54 2245 243 2312 pcrtavissent,
263 2243 433 2296 Indutiomari
451 2245 553 2296 Treviri
572 2244 678 2298 nunoiis
697 2246 810 2316 impulsi,
830 2263 892 2299 suos
915 2265 975 2300 con·

54 2313 213 2381 citaverunt,
239 2313 379 2381 subitoque
408 2313 541 2382 oppressis
569 2314 748 2383 lignatoribus,
773 2333 871 2383 magna
893 2333 975 2370 manu

54 2390 152 2440 castra¹
168 2391 350 2450 oppugnatum
367 2390 506 2435 venerunt.
542 2383 633 2442 Quum
656 2384 779 2436 celeriter
796 2386 877 2436 nostri
901 2402 976 2438 arma

55 2453 192 2520 cepissent
204 2449 358 2520 vallumque
377 2451 586 2522 adscendissent,
599 2461 626 2506 at
647 2469 688 2520 ue,
703 2469 756 2505 una
774 2469 808 2504 ex
826 2462 899 2522 parte
918 2455 975 2508 tris·

55 2521 134 2589 panis
151 2518 286 2588 equitibus
304 2520 418 2589 emissis,
437 2525 554 2591 equestri
572 2470 670 2592 proelio
688 2521 836 2590 superiores
854 2521 974 2592 fuissent,

55 2589 199 2660 desperata
210 2605 246 2658 re,
265 2588 355 2641 bostes
366 2591 401 2642 ab
412 2591 604 2660 oppugnatione
622 2606 684 2642 suos
702 2590 869 2643 reduxerunt.
905 2592 975 2646 Turn

917 2718 972 2726 ...-

84 2803 92 2832 ¹
105 2800 191 2850 ‘Until
202 2800 232 2848 he
244 2800 330 2849 should
341 2801 403 2849 heve
415 2801 491 2850 learnt
506 2799 557 2850 that
572 2799 614 2849 the
625 2799 712 2849 winter
722 2810 830 2862 quartera
841 2815 905 2850 were
921 2815 973 2862 pro·

55 2860 126 2922 perly
136 2859 286 2908 established
297 2860 344 2908 end
354 2859 474 2908 fortified.’

84 2933 199 2981 'Summo
208 2935 266 2989 laem·
280 2933 332 2981 that
343 2933 371 2989 is,
380 2950 567 2996 commagenae,
576 2933 604 2981 of
611 2949 625 2982 a
633 2949 692 2994 very
698 2933 757 2995 high
768 2933 872 2982 ornoble
882 2932 973 2994 family.

56 2993 142 3042 Hence
153 2994 218 3040 locus
229 2992 250 3040 is
261 2990 312 3040 also
324 2992 383 3040 used
394 2993 419 3040 in
429 2993 471 3041 the
482 3008 553 3040 sense
563 2993 592 3040 of
598 2993 659 3041 rank
669 3009 697 3042 or
706 2993 806 3054 dignity.

84 3069 94 3095 ¹
103 3065 167 3114 Earn
173 3064 249 3114 refers
256 3075 281 3114 to
287 3065 428 3126 Tasgetius,
436 3065 482 3114 and
490 3065 530 3113 the
536 3066 665 3127 preceding
670 3065 835 3126 hancbelongs
842 3075 867 3114 to
872 3081 973 3122 annrtnm

55 3125 150 3188 though
158 3123 330 3173 thereisasort
339 3124 367 3172 of
374 3125 497 3184 pleonasrn
507 3125 531 3172 in
540 3125 581 3173 tbe
590 3125 752 3174 combination
760 3124 788 3172 of
794 3129 855 3174 hanc
863 3125 974 3186 andjam.

85 3195 171 3245 ‘That
189 3197 219 3253 is,
231 3196 272 3244 the
290 3207 377 3245 matter
387 3213 438 3245 was
455 3213 501 3246 one
517 3197 570 3246 that
586 3197 720 3247 concerned
731 3213 796 3246 more
807 3213 907 3258 persons
919 3196 976 3248 than

56 3271 119 3314 one;
136 3270 211 3315 many
221 3271 285 3303 were
296 3257 431 3305 concerned
441 3257 465 3304 in
476 3258 501 3305 it.

86 3325 222 3378 ‘Hibernis
234 3329 254 3377 is
265 3328 307 3376 the
318 3321 407 3384 dativass
420 3329 536 3390 denoting
551 3328 593 3377 tha
610 3329 690 3388 object
708 3329 745 3376 for
755 3327 835 3377 which
852 3327 892 3378 the
909 3330 976 3390 place

59 3403 110 3439 was
120 3386 241 3438 destined.
273 3387 393 3447 Compare
405 3389 445 3438 vti.
459 3391 494 3436 ta.
