2268 3786
156 271 213 334 tat
455 289 496 330 err
517 289 614 332 armo
633 254 769 334 eunuco.

66 395 69 406 '
152 400 286 456 firmitudo
302 407 383 469 atque
401 415 434 454 aa
452 415 539 454 rerum
558 409 658 470 natura,
671 409 700 454 ut
717 417 770 470 quo
787 401 924 471 majoriis
940 419 1029 474 equae
1041 421 1074 460 se

153 470 324 548 invitavisset,
349 467 400 522 hoc
426 470 510 522 artius
537 469 638 538 illigata
665 479 824 524 terrerentur.
868 473 941 526 Haeo
969 474 1073 530 directa

153 540 267 594 materia
286 539 384 610 injecta
403 539 660 593 contexebanturac
677 539 803 608 longuriis
820 542 991 613 cratibusque
1009 562 1073 600 con-

154 608 354 676 stemebautur3
371 625 404 662 ac
418 608 499 662 nihilo
518 609 605 662 secius
622 609 741 664 sublicae
758 620 785 663 et
803 609 837 664 ad
850 611 1001 666 inferiorem
1014 633 1073 686 par·

153 690 209 734 tem
229 679 346 733 fluminis
364 676 470 748 oblique
493 677 646 749 agebantur,
671 696 740 749 quae
763 697 809 750 pro
828 682 911 734 ariete
932 682 1073 752 subjectae
1103 705 1110 715 “

153 759 180 803 et
200 765 263 802 curn
283 748 356 801 omni
376 763 455 818 opere
475 746 632 818 conjunctae
652 749 707 802 vim
727 749 801 802 flum‘
821 768 844 802 rs
864 751 1026 823 exciperent,
1045 763 1073 808 et

152 819 222 872 aliae
251 819 317 872 item
345 833 424 888 supra
449 826 557 888 pontem
586 817 711 871 mediocri
737 820 828 890 spatio,
854 830 882 873 nt
901 821 923 873 ai
945 821 1073 878 arborum
1123 881 1124 884 ,

154 888 239 942 trunci
256 888 313 940 sive
331 903 414 940 nares
431 886 573 956 dejiciendi
591 888 678 956 operis
696 899 813 942 essenta
827 890 944 943 barbaris
962 891 1072 974 missae,

153 959 195 1014 bis
218 957 402 1010 defensoribus
424 973 517 1012 aarum
545 973 632 1010 rerum
656 959 697 1012 vis
722 958 894 1029 minueretur,
918 977 971 1014 neu
998 973 1072 1032 pontt

153 1035 286 1083 nocerent.

191 1103 231 1151 18.
249 1097 350 1152 Diebus
361 1095 465 1167 decem,
478 1096 576 1166 quibus
591 1097 703 1150 materia
719 1108 813 1168 coepta
831 1108 886 1151 erat
903 1102 1070 1172 comportari,

153 1169 226 1224 omni
245 1185 324 1238 opere
343 1165 440 1220 effecto
459 1166 591 1220 exercitus
609 1166 760 1220 traducitur.
805 1167 903 1220 Caesar
919 1167 954 1220 ad
973 1179 1071 1224 utram·

153 1256 206 1309 qne
230 1247 334 1308 partem
356 1237 443 1307 pontis
465 1236 539 1290 firmo
562 1235 692 1306 praesidio
716 1235 807 1289 relicto
831 1238 857 1290 in
880 1237 948 1291 fines
971 1237 1071 1308 Sigam-

154 1308 259 1363 brorum
287 1306 430 1360 contendit.
477 1306 585 1359 interim
609 1323 626 1358 a
648 1305 829 1375 compluribus
855 1306 1009 1361 civitatibus
1036 1309 1071 1364 ad

150 1395 217 1432 eum
229 1377 309 1446 legati
324 1376 439 1446 veniunt,
449 1376 546 1446 quibus
559 1392 654 1444 pacem
665 1385 746 1445 atque
758 1377 905 1430 amicitiam
918 1378 1071 1446 petentibus

154 1447 297 1502 liberaliter
324 1446 464 1517 respondit,
489 1446 650 1516 obsidesque
672 1445 706 1498 ad
731 1461 760 1498 se
783 1445 882 1500 adduci
903 1446 990 1517 jubet.
1035 1451 1071 1502 At

154 1517 284 1586 Sigambri
311 1533 345 1570 ex
371 1533 403 1569 co
430 1525 556 1586 ternpore,
581 1531 633 1596 quo
660 1531 726 1586 pone
753 1515 855 1569 institui
882 1526 993 1586 coeptus
1021 1527 1069 1588 est,

154 1587 217 1656 fuga
234 1588 395 1658 comparata¹
406 1585 570 1640 hortantibus
588 1586 627 1654 ris,
640 1601 708 1654 quos
718 1599 753 1637 ex
764 1585 901 1638 Tencteris
918 1596 1001 1654 atque
1013 1587 1071 1642 Usi·

154 1656 259 1728 petibus
278 1656 349 1726 apud
373 1672 402 1708 se
421 1655 564 1726 habebant,
584 1654 683 1708 finibus
703 1653 758 1706 suis
780 1663 948 1708 excesserant
968 1673 1071 1727 suaque

153 1725 242 1848 gmnia
265 1732 466 1796 exportaverant
490 1741 574 1794 seque
593 1724 619 1778 in
643 1722 814 1777 solitudinem
837 1741 868 1778 ac
892 1725 974 1778 silvae
996 1727 1070 1780 abdi·

172 1803 255 1848 erant.

191 1869 231 1918 19.
249 1865 345 1917 Caesar
357 1879 456 1934 paucos
473 1861 531 1916 dies
544 1863 569 1916 in
588 1879 679 1917 eornm
698 1861 795 1917 finibus
812 1871 929 1918 moratus
947 1865 1072 1920 omnibns

154 1935 220 1986 vicia
237 1933 419 2002 aedificiisque
438 1933 553 1986 incensis
571 1933 764 2003 frumentisque
782 1933 893 1986 succisis
909 1949 938 1986 se
957 1933 983 1988 in
1002 1935 1071 1989 fines

153 2003 280 2058 Ubiorum
304 2003 411 2072 recepit,
430 2012 511 2072 atque
535 2003 567 2056 iis
585 2002 714 2056 auxilium
734 2020 812 2056 suum
831 2002 971 2073 pollicitus,
992 2005 1016 2058 si
1035 2004 1070 2057 ab

153 2071 247 2126 Suavis
269 2081 458 2142 premerentur,
480 2072 548 2124 haec
567 2071 601 2124 ab
621 2071 654 2125 iia
675 2073 812 2140 cognovit:
837 2073 944 2142 Suevos,
965 2083 1069 2143 postea·

74 2179 77 2185 -
152 2157 233 2212 quam
254 2159 301 2211 per
317 2141 494 2211 exploratores
511 2151 618 2210 pontem
638 2142 694 2196 fieri
712 2143 909 2212 comperissent,
928 2159 1003 2196 more
1021 2159 1067 2196 suo

152 2211 262 2264 concilio
281 2211 371 2264 habito
388 2210 493 2264 nuntios
512 2211 538 2264 in
556 2227 649 2264 omnes
666 2220 754 2280 perles
771 2210 912 2278 dimisisse,
926 2211 965 2264 uti
976 2211 1012 2266 de
1024 2229 1067 2284 op-

151 2281 222 2352 pidis
239 2281 425 2353 demigrarent,
434 2280 538 2350 liberos,
552 2296 647 2334 uxorea
664 2297 765 2350 suaque
783 2281 872 2334 omnia
890 2281 916 2334 iu
935 2281 1012 2335 silvis
1023 2281 1067 2336 de·

151 2359 285 2421 ponerent,
304 2359 385 2420 atque
403 2367 503 2418 omnes,
516 2353 561 2420 qui
579 2367 653 2402 arma
670 2349 739 2402 ferre
756 2359 871 2420 possent,
886 2367 969 2404 unum
988 2351 1015 2404 in
1032 2351 1067 2404 lc·

151 2435 214 2474 curn
226 2421 409 2474 convenirent:
429 2419 500 2474 hunc
512 2437 571 2472 esse
583 2419 718 2476 delectum
732 2419 851 2472 medium
863 2419 919 2472 fere
928 2420 1068 2489 regionum
1123 2419 1124 2436 ¹

151 2506 252 2563 earum,
266 2507 334 2560 quas
356 2489 436 2544 Suevi
458 2489 621 2543 obtinerent:
648 2488 692 2542 hic
716 2490 893 2543 Romanomm
919 2488 1068 2543 adrentum

151 2570 306 2630 exspectare
317 2569 397 2630 atque
410 2559 447 2612 ibi
459 2558 594 2612 decertare
608 2559 786 2612 constituisse.
822 2557 899 2617 Quod
910 2558 957 2612 ubi
969 2558 1068 2612 Caesar

150 2629 285 2699 comperit,
303 2629 427 2684 omnibns
444 2628 525 2682 rebus
542 2629 584 2682 his
601 2627 736 2698 confectis
748 2644 861 2697 quarum
878 2644 966 2682 rerum
984 2643 1067 2682 causa

151 2697 292 2752 traducere
307 2700 453 2753 exercitum
473 2699 651 2767 constituerat,
670 2698 712 2751 ut*
725 2697 868 2751 Germanis
884 2705 990 2750 metum
1008 2695 1066 2766 inji-

149 2776 230 2838 ceret,
243 2777 272 2822 ut
284 2767 435 2837 Sigambros
453 2767 628 2837 ulcisceretur,
642 2776 670 2819 ut
682 2765 764 2821 Ubios
775 2765 922 2819 obsidione·
933 2766 1064 2836 liberaret,

178 2963 186 2990 ¹
197 2959 263 3007 That
274 2960 304 3015 is.
310 2960 376 3020 suga
384 2965 479 3019 parata.
491 2971 518 3004 es
529 2954 605 3002 invii.
616 2955 653 3006 61.
694 2929 695 2932 Ἴ

177 3047 251 3096 'The
261 3045 329 3094 three
340 3042 464 3102 following
474 3040 568 3090 clauses
578 3039 709 3100 beginning
717 3038 778 3088 with
788 3049 815 3087 ut
826 3038 922 3088 contain
932 3039 1026 3101 merely
1033 3053 1065 3089 su
1088 3041 1091 3046 “

148 3105 303 3166 explanation
313 3102 341 3151 of
352 3102 393 3150 the
404 3099 533 3161 preceding
543 3099 632 3156 words,
644 3101 749 3147 morbus
761 3101 828 3147 relus
838 3099 874 3147 llis
885 3099 1005 3160 majestis.

178 3191 250 3240 ”The
261 3189 328 3239 word
338 3180 434 3244 obsidio,
449 3186 574 3248 ‘selega’
585 3185 657 3233 when
667 3184 736 3243 used,
750 3201 776 3234 aa
787 3184 853 3242 here,
866 3185 894 3234 of
901 3200 916 3233 a
925 3194 1028 3247 country
1036 3201 1064 3236 or

148 3250 238 3360 pisinga,
251 3259 316 3301 uruat
331 3250 361 3298 ba
378 3245 494 3298 rendered
503 3247 536 3308 by
550 3245 683 3306 ‘pressure’
696 3259 723 3292 or
735 3245 907 3305 ‘oppressim’
942 3245 1063 3308 Compare
