2272 3786
447 335 537 379 steen
557 339 601 381 n.-
938 321 974 380 tt

51 447 221 518 subsidium,-
231 447 302 518 quod
316 447 435 502 submitti
447 457 543 519 posset,
552 455 626 501 scuto
635 445 670 502 ab
678 445 828 502 novissmis
839 447 885 502 uni
898 447 976 502 militi

50 519 184 590 detracto,
200 518 271 588 quod
291 519 351 588 ipse
370 535 402 571 eo
421 519 477 570 sine
496 527 570 571 scuto
584 527 699 588 venerat,
713 519 740 572 in
758 518 871 588 primam
890 519 976 572 aciem

68 590 187 642 recessit
207 587 458 658 centurionibusque
477 587 632 641 nominatim
650 587 791 658 appellatis
809 587 923 658 reliquos
934 605 976 642 eo·

50 605 179 711 hortatus
197 658 298 712 milites
317 659 391 727 signa
410 657 504 712 inferre
522 667 549 718 et
565 657 714 726 manipulos
726 657 815 710 laxare
826 658 911 728 jussit,
924 675 976 728 quo

49 727 165 781 facilius
177 727 275 796 gladiis
286 728 326 780 uti
337 737 452 797 possent.
482 727 565 797 Cujus
576 727 693 779 adventu
705 743 752 806 sps
765 727 837 780 illata
848 728 977 782 militibus

49 813 83 848 ac
96 797 284 866 redintegrato
297 799 392 866 animo,
406 813 527 867 cumpro
540 813 568 848 ss
584 795 705 865 quisque¹
724 813 749 849 rn
768 807 910 867 conspectu
928 799 976 851 im·

49 867 189 936 peratoris
201 866 284 920 etiam
296 867 322 918 iu
335 867 461 919 extremis
469 867 524 918 suis
536 865 616 918 rebus
626 881 735 938 operam
748 881 845 919 navare
857 878 975 938 cuperet,

49 937 171 1005 paulurn
186 935 303 990 bostium
315 937 431 1006 impetus
443 935 562 988 tardatus
574 944 623 988 est.

87 1011 135 1059 26.
158 1005 266 1075 Caesar,
274 1021 335 1059 eum
346 1005 488 1075 septimam
496 1004 636 1073 legionem,
649 1019 719 1073 quae
730 1004 806 1084 juxta
817 1007 976 1076 constiterat,

50 1075 121 1128 item
144 1076 237 1143 urgeri
256 1074 291 1128 ab
311 1075 387 1128 hoste
407 1073 523 1144 vidisset,
543 1073 661 1127 tribunos
680 1074 798 1128 militum
818 1077 928 1145 monuit,
950 1086 977 1128 ut

89 1144 190 1198 ulatim
217 1161 277 1198 sese
300 1144 418 1212 legiones
441 1144 629 1214 conjungerent
654 1152 680 1196 et
701 1159 829 1197 conversa
848 1147 932 1214 eigna¹
952 1147 976 1198 in

71 1223 151 1268 ostes
164 1213 301 1267 inferrent.
337 1213 395 1272 Qun
406 1213 484 1282 facto,
498 1230 562 1266 cum
578 1213 648 1266 alius
665 1213 709 1265 alii
728 1213 875 1268 subsidium
888 1215 976 1284 ferret,
999 1237 1001 1240 ·

51 1301 149 1365 neque
162 1285 297 1353 timerent,
307 1299 340 1336 ne
349 1283 445 1336 aversi'
451 1283 486 1336 ab
494 1283 570 1335 hoste
578 1283 840 1364 circumvenirentur,
850 1285 979 1338 audacius

51 1365 187 1406 resistere
204 1370 237 1406 ac
255 1353 349 1406 fortius
366 1369 483 1422 pugnare
495 1360 647 1421 coeperunt.
683 1352 792 1405 Interim
804 1353 903 1406 milites
915 1355 977 1423 legi·

52 1439 141 1477 onum
161 1422 285 1494 duarum,
298 1439 369 1492 quae
387 1421 414 1474 in
432 1421 574 1474 novissimo
592 1422 699 1490 agmine
716 1423 849 1489 praesidio
867 1424 977 1494 impedi-

52 1493 160 1546 mentis
172 1492 286 1562 fuerant,
300 1491 397 1562 proelio
412 1493 531 1544 nuntiato
543 1507 622 1544 cursu
633 1491 741 1544 incitato
753 1489 780 1542 in
793 1507 899 1544 summo
911 1491 977 1546 colle

52 1563 90 1616 ab
98 1562 227 1616 hostibus
235 1561 464 1632 conspiciebantur
471 1557 488 1631 ᾗ*
499 1570 526 1614 et
534 1561 610 1614 Titus
619 1559 754 1614 Labienus
762 1560 855 1613 eastris
863 1561 978 1614 hostium

52 1633 162 1702 potitus
174 1640 202 1684 et
214 1647 248 1684 ex
262 1631 318 1684 loco
333 1648 365 1684 su
384 1631 475 1700 eriore,
488 1647 558 1700 quae
578 1647 620 1683 res
638 1630 666 1682 in
684 1629 779 1684 nestris
795 1630 888 1682 castris
904 1647 978 1698 gere·

52 1710 159 1770 rentur,
173 1700 341 1770 conspicatus
359 1649 492 1754 decimam
511 1701 643 1769 legionem
658 1699 777 1754 subsidio
791 1700 885 1752 nostris
896 1701 976 1752 misit.

53 1771 109 1831 Qui
131 1787 197 1824 cum
216 1787 250 1823 ex
267 1771 388 1841 equitum
407 1777 434 1822 et
449 1769 570 1823 calonem
586 1769 656 1839 fuga,
670 1787 723 1840 quc
735 1770 761 1823 in
775 1770 831 1824 loco
844 1779 977 1841 recesset,
1012 1805 1016 1812 ·

52 1849 216 1910 quantoque
229 1840 255 1893 in
268 1837 385 1910 periculo
397 1848 423 1892 et
436 1847 522 1894 castra
534 1848 560 1893 et
573 1838 692 1908 legiones
704 1850 730 1893 et
739 1841 881 1910 imperator
891 1857 978 1893 versa·

53 1922 139 1980 retur,
154 1909 347 1979 cognovissent,
361 1908 428 1963 nihil
444 1907 478 1962 ad
493 1909 656 1962 celeritatem
670 1909 718 1964 sibi
732 1909 827 1980 reliqui
838 1909 979 1964 fecerunt.⁸

91 1985 137 2033 27.
158 1979 261 2032 Horum
278 1978 397 2032 adventu
414 1986 488 2032 tanta
506 1995 594 2032 rerum
611 1980 784 2034 commutatio
802 1988 843 2033 est
858 1979 935 2049 facta,
949 1994 978 2033 ut

53 2049 142 2104 nostri
161 2049 245 2101 etiarn
263 2047 309 2118 qui
320 2047 474 2101 vulneribus
491 2047 612 2102 confecti·
642 2050 832 2118 recubuissent,
847 2050 929 2103 scutis
940 2050 978 2102 in·

53 2119 114 2172 nixi
134 2117 267 2188 proelium
287 2117 502 2188 redintegrarent,
517 2127 575 2171 tum
594 2066 701 2171 oafones
718 2119 869 2188 perterritos
889 2119 978 2172 hostes

54 2187 207 2258 conspicati
218 2188 300 2241 etiam
312 2189 429 2240 inermes
440 2187 549 2240 armatis
561 2197 735 2258 occurrerent,
749 2189 854 2258 equites
865 2205 935 2258 vero,
949 2197 978 2242 ut

54 2266 64 2310 t
120 2257 254 2312 itudinem
264 2257 345 2326 fugae
357 2256 454 2311 virtute
466 2257 594 2327 delerent,
607 2258 732 2311 omnibus
749 2258 775 2311 in
794 2258 860 2311 lccis
872 2275 978 2328 pugnae

53 2343 85 2379 se
116 2327 261 2396 'egionariis
277 2326 408 2380 militibus
424 2325 606 2396 praeferrent.⁸
640 2329 676 2380 At
693 2326 784 2380 hostes
799 2328 881 2380 etiam
894 2327 920 2380 in
933 2344 978 2380 ex·

54 2405 147 2450 trema
160 2405 208 2466 sp'e
220 2396 314 2450 salutis
326 2403 426 2450 tantam
435 2396 562 2450 virtutem
573 2397 767 2466 praestiterunt,
777 2398 815 2464 ut,
824 2413 888 2449 cum
899 2397 978 2465 primi

55 2482 154 2520 eorum
174 2465 344 2535 cecidissent,
364 2465 478 2534 proximi
499 2464 650 2535 jacentibus
673 2465 824 2518 insisterent
843 2474 924 2533 atque
944 2481 978 2518 ex
1046 2483 1051 2495 ·

55 2535 155 2590 eorum
167 2535 321 2606 corporibus
331 2541 479 2606 pugnarent
485 2552 494 2604 5
509 2534 552 2590 his
561 2534 674 2606 dejectis
686 2541 713 2588 st
725 2533 887 2588 coacervatis
899 2533 977 2586 cada-

86 2721 174 2772 ¹That
186 2721 216 2778 is,
229 2721 290 2770 each
300 2719 337 2772 for
351 2719 457 2778 himself,
471 2718 517 2770 and
528 2719 631 2769 without
647 2716 748 2780 looking
763 2725 789 2765 tc
804 2731 846 2766 ses
857 2715 923 2764 what
938 2715 977 2764 his

55 2783 208 2844 neighbours
217 2779 266 2829 did.

85 2858 96 2885 ¹
107 2855 230 2924 Conpersc
241 2857 313 2916 sr'gnc
323 2869 404 2924 seems
413 2863 439 2902 to
447 2851 596 2960 sigmfpthat
606 2849 646 2900 the
655 2860 705 2899 two
713 2849 735 2898 le
754 2849 806 2898 ions
817 2845 975 2904 heremitae,

56 2913 149 2965 looked
164 2929 191 2962 111
201 2911 311 2965 different
322 2911 458 2969 directions,
471 2927 499 2962 so
514 2923 524 2960 t
543 2919 565 2970 at
582 2911 623 2960 the
634 2909 698 2959 bach
712 2923 727 2958 o
752 2909 793 2958 the
804 2923 850 2957 one
861 2923 912 2956 was
923 2921 975 2966 pro-

55 2973 142 3024 tected
153 2974 186 3034 by
197 2971 239 3024 the
250 2972 326 3022 other.

85 3045 205 3104 ’Aversa
221 3045 260 3094 ‘in
271 3045 333 3094 their
343 3046 412 3095 rear!

86 3121 191 3170 ‘Corsa
208 3121 306 3168 innecto
321 3119 523 3180 corrspiciebontnr
530 3133 541 3174 ,·
559 3116 611 3165 that
626 3116 656 3174 is,
669 3131 765 3164 cursum
781 3116 938 3164 medonensem
955 3123 975 3160 et

57 3185 113 3245 jam
122 3181 334 3241 conspiciebantur.

88 3253 176 3304 ‘That
188 3253 218 3310 is,
230 3268 257 3300 as
268 3251 304 3300 far
314 3267 341 3300 as
352 3251 427 3311 speed
438 3251 458 3299 is
469 3248 614 3305 ooncsrued‚
627 3248 686 3308 they
697 3235 738 3296 did
749 3245 782 3296 all
793 3247 852 3306 they
862 3244 940 3298 could.

86 3329 96 3358 ¹
106 3326 175 3376 'Phar
184 3325 214 3380 is,
221 3325 282 3384 they
290 3324 446 3384 everywhere
456 3319 624 3370 endeavoured
633 3329 658 3367 to
666 3334 758 3380 engage
767 3317 827 3385 nith
836 3318 878 3366 the
888 3333 975 3378 enemy

60 3387 143 3437 before
155 3383 197 3432 the
210 3382 343 3444 legionarii,
356 3381 412 3430 who
423 3396 487 3429 were
499 3377 651 3437 accordingly
662 3375 705 3424 left
716 3375 813 3424 behind.
