2268 3786
121 295 163 360 ut
425 315 467 358 aa
487 315 584 357 annuo
605 311 742 357 osuurcc.

125 423 213 480 tondis
224 425 344 496 'speciem
354 433 437 496 atque
449 425 602 496 opinionem
614 423 790 495 pugnantium
803 422 969 495 praeberent,
982 439 1051 480 cum

123 497 190 550 itern
207 495 243 549 ab
260 494 382 549 hostibus
398 497 558 549 constanter¹
575 511 607 547 ac
625 511 676 548 noo
692 493 788 548 tirnide
799 501 968 564 pugnaretur,
983 495 1051 547 tela·

123 581 177 635 que
196 581 230 618 ex
247 565 304 619 loco
323 565 457 635 superiore
474 565 558 620 missa
578 581 630 618 non
647 563 745 618 frustra
762 563 922 632 acciderent,
942 564 1053 633 equites

123 634 270 688 circumitis
287 633 405 689 hostiurn
423 634 518 688 castris
534 635 629 688 Crasso
648 635 867 688 renuntiaverunt
885 649 936 686 non
949 633 1052 688 eadem

122 721 185 828 {dese
197 704 335 829 diligeqqia
346 705 382 760 ab
398 703 550 758 decumana
565 711 640 774 porte
656 713 744 758 castra
761 705 866 758 munita
883 703 1052 773 facilemque

160 783 227 828 itum
259 791 275 827 a
312 791 349 828 re.

160 849 201 898 26.
221 845 332 898 Crassus
344 844 465 914 equitum
479 843 630 914 praelectus
641 843 801 914 cohortatus,
815 851 844 897 ut
857 843 960 912 magnis
971 859 1051 912 prae·

122 914 186 968 ruiis
210 913 497 986 pollicitationibusque
521 929 584 968 suos
607 913 761 982 excitarent,
785 913 852 984 quid
875 913 933 966 fieri
956 913 1050 983 vellet,

122 985 249 1037 ostendit.
286 984 335 1052 llli,
361 991 390 1038 ut
414 992 471 1037 eret
497 983 667 1054 insperatum,
692 982 799 1037 eductis
822 999 861 1037 ιν.
885 982 1049 1054 cohortibus,

123 1069 193 1123 quae
218 1053 351 1123 praesidio
371 1053 465 1107 castris
484 1053 592 1106 relictae
616 1053 731 1106 intritae¹
749 1054 785 1108 ab
805 1051 895 1106 labore
915 1062 999 1122 erant,
1021 1064 1052 1108 et

123 1123 241 1192 longiore
259 1124 352 1177 itinere
370 1121 568 1190 circumductis,
587 1139 622 1176 ne
634 1139 669 1177 ex
681 1121 799 1177 hostium
817 1123 911 1176 cestris
928 1123 1051 1193 conspici

160 1201 240 1263 ssent,
253 1194 374 1248 omnium
392 1193 478 1246 oculis
494 1191 685 1262 mentibusque
703 1192 737 1246 ad
749 1209 869 1263 pugnarn
879 1193 993 1246 intentis
1004 1211 1049 1248 ce·

43 1315 46 1322 ,
134 1263 213 1316 eriter
230 1263 265 1316 ad
284 1279 338 1333 aas,
354 1278 423 1334 quas
439 1262 566 1332 diximus,
585 1262 748 1316 munitiones
765 1272 952 1332 pervenerunt,
965 1272 1051 1334 atque

124 1331 166 1386 his
183 1334 297 1402 prorutis
314 1333 389 1404 prius
403 1333 430 1386 in
442 1331 559 1386 hostiurn
571 1333 665 1386 castris
676 1334 859 1402 constiterunt,
872 1349 954 1403 quarn
967 1332 1051 1402 plane

122 1401 158 1456 ab
176 1402 219 1456 his
231 1403 316 1457 videri
334 1413 389 1473 aut,
403 1402 468 1474 quid
487 1403 525 1455 rei
542 1411 685 1473 gereretur,
697 1403 825 1472 cognosci
839 1411 939 1472 posset.
976 1403 1052 1458 Tum

123 1488 186 1526 vero
198 1473 315 1528 clamore
330 1473 366 1528 ab
384 1488 417 1528 aa
435 1481 511 1542 parte
529 1472 621 1526 audito
639 1473 719 1526 nostri
739 1471 925 1540 redintegratis
936 1472 1049 1544 viribus,

122 1543 194 1614 quod
213 1543 372 1614 plerumque
393 1543 419 1596 in
437 1559 486 1613 spe
504 1543 630 1596 victoriae
649 1541 772 1596 accidere
792 1543 939 1612 consuerit,
958 1543 1051 1597 acrius

121 1613 280 1684 impugnare
289 1622 443 1684 coeperunt.
474 1612 572 1666 Hostes
580 1611 697 1684 undique
706 1613 889 1681 circumventi,
898 1612 1051 1682 desperatis

122 1683 249 1737 omnibus
267 1682 354 1753 rebus,
367 1699 398 1736 se
416 1698 464 1753 per
480 1682 643 1737 munitiones
663 1682 780 1753 dejicere
800 1690 827 1735 et
847 1681 912 1751 fuga
930 1682 1050 1738 salutem

122 1765 214 1823 petere
233 1752 412 1807 intenderunt.
447 1751 520 1812 Quos
532 1753 668 1823 equitatus
679 1752 857 1822 apertissimis
868 1769 929 1805 cam
951 1753 974 1805 is
987 1770 1050 1808 con·

123 1830 248 1893 sectatus,
262 1838 297 1875 ex
305 1821 411 1876 milium
419 1839 444 1876 r..
453 1838 572 1892 numero,
581 1839 652 1892 quae
659 1825 726 1876 exn
744 1822 938 1876 uiteniaCanta
958 1823 1050 1894 risque

122 1893 281 1972 convenisse
292 1891 440 1973 constabat,
452 1892 499 1946 vix
510 1901 604 1964 quarta
615 1900 690 1964 parte
703 1839 802 1963 reiron,
815 1892 901 1946 multa
918 1901 999 1947 nocte
1018 1911 1050 1947 se

122 1978 151 2016 111
162 1969 250 2015 castra
263 1970 372 2032 recepit.

157 2035 200 2084 2⁷.
219 2031 277 2084 Hac
294 2030 387 2085 audita
397 2047 487 2154 pugna
499 2031 618 2094 narinus
630 2047 692 2102 pars
704 2031 866 2102 Aquitaniae
877 2047 939 2084 sese
952 2034 1050 2087 Crasso

122 2099 225 2155 dedidit
243 2100 404 2172 obsidesque
423 2119 441 2156 n
454 2110 491 2155 tro
511 2102 597 2169 misit;
614 2118 668 2172 quo
688 2101 715 2154 in
733 2117 844 2155 nurnero
862 2101 971 2155 fuerunt
984 2103 1048 2157 Tar·

121 2169 193 2241 belli,
209 2169 383 2242 Bigerrioneq
397 2171 491 2242 l’tiani,
503 2171 626 2242 Vocates,
640 2171 792 2242 Tarusates,
806 2170 939 2242 Elusates,
953 2173 1047 2244 Getes,

122 2241 214 2310 Ausci,
235 2241 374 2312 Garumni,
395 2240 542 2312 Sibuzates,
563 2241 719 2294 Cocosates:
744 2258 847 2312 paucae
866 2241 981 2296 ultimae
1002 2261 1049 2297 na·

122 2310 208 2433 tiunles
218 2311 282 2364 anni
293 2319 414 2382 ternpore
426 2312 550 2382 conlisae,
563 2311 635 2382 quod
653 2310 741 2366 hierus
759 2311 874 2386 suberat,
888 2311 940 2378 hoc
956 2313 1049 2368 facere

122 2395 156 2436 ne
186 2389 306 2436 exerunt.

157 2398 199 2505 {ta
213 2450 383 2506 Ecdemfere
391 2459 511 2532 ternpore
520 2451 625 2520 Caeam,
635 2451 686 2504 etsi
714 2467 776 2522 rope
785 2460 880 2506 exacta
890 2451 946 2520 jam
956 2463 1049 2507 aestas

122 2530 186 2592 erat,
200 2531 291 2576 tamen
301 2521 373 2592 quod
385 2539 458 2576 omnr
470 2520 559 2576 Gellia
570 2529 666 2591 pacata
707 2522 774 2576 crini
782 2522 958 2593 Menapiique
968 2539 1048 2594 supe·

122 2600 217 2662 rorant,
230 2593 277 2660 qui
289 2593 318 2646 in
328 2592 411 2646 armis
423 2601 515 2645 essent
528 2591 662 2662 nequead
675 2607 740 2645 eum
751 2607 880 2661 umquam
896 2591 1000 2660 legatos
1011 2593 1047 2647 de

122 2677 189 2732 pace
202 2661 348 2731 misissent,
360 2661 502 2716 arbitratus
519 2661 547 2715 id
566 2661 668 2716 bellum
682 2660 804 2716 celeriter
814 2661 910 2716 confici
921 2679 1002 2732 possa
1013 2679 1048 2716 ec

122 2731 269 2785 exercitum
290 2730 416 2801 adduxit;
438 2731 486 2802 qui
510 2730 588 2800 longe
611 2731 666 2784 alia
689 2731 789 2785 ratione
808 2748 841 2784 ao
861 2731 955 2800 reliqui
976 2731 1048 2786 Galli

122 2800 224 2855 bellum
240 2817 334 2869 gnere
352 2816 401 2854 coe
439 2808 506 2855 runt.
541 2802 615 2856 Nam
630 2801 701 2870 quod
714 2800 900 2871 intelligebant
911 2803 1048 2859 maximas

122 2871 249 2940 nationes,
263 2886 334 2939 quae
345 2885 408 2940 proc
421 2869 444 2924 'c
453 2869 661 2939 contendissent,
690 2870 763 2925 ulsas
771 2883 965 2942 superatasque
975 2889 1047 2944 esse,

123 2941 343 3011 continentesque
361 2939 444 2994 silvas
460 2957 493 2994 ac
506 2940 620 3012 paludes
632 2888 775 3012 habebant,
789 2957 821 2994 eo
834 2957 863 2994 se
875 2957 979 3012 suaque
990 2959 1047 2996 orn·

153 3123 238 3174 ιἸἾιιιῑ
249 3125 279 3183 is,
295 3125 478 3188 ‘incessantly‚’
491 3142 519 3177 cr
532 3127 652 3178 ‘without
663 3125 845 3176 intermission’

126 3209 316 3334 ιῃόῑΙιιῐξςιιῶεθᾶιλι,
327 3211 369 3263 the
385 3229 453 3264 nme
468 3230 495 3264 as
511 3232 560 3266 serr
574 3217 665 3266 tritae.-
683 3213 737 3264 that
752 3214 782 3271 is,
798 3218 855 3265 ‘not
866 3229 935 3264 worn
944 3215 1006 3272 ont‚'
1019 3229 1049 3266 or
