2268 3786
156 305 212 370 10⁰
453 325 494 368 aa
516 325 612 368 asmo
633 325 771 368 carasco.

172 451 236 492 nam
254 449 315 488 essa
333 432 503 506 impediant
556 435 660 490 testatis
678 445 749 491 trans
766 433 890 488 Rhenum
906 429 1076 504 postularet?

153 453 217 561 buit
234 513 335 574 autem,
347 504 394 585 qui
412 505 459 558 uni
477 521 512 558 ex
554 504 739 560 ransrhenanis
757 504 790 557 ad
810 505 953 558 Caesarem
972 502 1076 570 legatos

153 577 289 645 miserant,
308 574 454 628 amicitiam
479 574 607 644 fecerant,
626 573 735 629 obsides
752 573 888 640 dederant,
909 589 1075 642 magnopere

153 644 272 715 orabant,
286 653 315 699 ut
327 643 376 697 sibi
389 644 521 698 auxilium
533 646 620 713 ferret,
634 645 705 715 quod
723 644 838 725 graviter
855 643 890 696 ab
906 643 1002 696 Suavis
1013 659 1074 712 pre·

153 724 304 784 merentur3
323 713 367 768 vel
385 713 407 767 si
420 713 448 768 id
461 714 551 768 fecere
569 715 787 784 occupationibus
805 713 842 766 rei
861 711 996 783 publieae¹
1014 728 1072 782 pro-

154 785 297 852 hiberetur,
317 784 466 838 exereitum
490 785 569 838 modo
592 785 718 838 Rhenum
742 792 945 854 transportaret:
966 780 993 834 id
1019 779 1072 835 sibi

153 853 332 908 adauxilium
342 869 475 925 spemque
494 854 589 924 reliqui
608 856 735 925 temporis
754 853 818 906 satis
836 852 964 906 futurum.
1001 851 1071 904 Tana

154 937 213 978 mm
235 940 296 977 esse
320 940 417 978 nornen
442 934 556 993 atqueo
577 924 693 978 inionem
711 923 770 994 ejus
788 923 921 976 exercitus
938 921 1072 976 Ariovisto

153 993 230 1063 pulso
242 1002 269 1047 et
281 993 332 1046 hoc
344 993 488 1046 novissimo
500 941 599 1063 ptochio
609 993 680 1047 sacto
689 994 772 1047 etiarn
784 993 829 1046 ad’
839 992 948 1046 ultimas
958 991 1071 1045 Germa·

153 1079 248 1117 norum
260 1065 387 1130 nationes,
402 1064 440 1117 uti
458 1064 581 1133 opinione
600 1072 627 1117 et
644 1063 764 1118 amicitia
781 1062 872 1134 pupuli
890 1061 1004 1115 Romani
1022 1061 1073 1114 tuti

153 1149 225 1194 essea
232 1133 342 1204 possint.
378 1133 497 1188 Navium
515 1149 642 1203 magnam
659 1134 766 1205 copiam
783 1134 817 1186 ad
838 1130 1072 1201 transportandum

153 1205 300 1256 exercitum
313 1201 513 1272 pollicebantur.

105 1314 108 1322 .
191 1278 230 1326 l't.
250 1274 348 1326 Caesar
372 1273 414 1326 his
437 1273 472 1328 de
496 1273 591 1342 causis,
611 1290 679 1343 quas
702 1271 919 1340 commemorari,
945 1269 1073 1326 Rhenum

152 1343 264 1396 transire
282 1341 445 1413 decreverat,
465 1343 513 1396 sed
532 1343 645 1398 navibus
664 1345 773 1398 transire
792 1359 879 1412 neque
898 1341 964 1394 satis
982 1349 1073 1396 tutum

152 1429 213 1466 esse
225 1412 402 1467 arbitrabatur
413 1429 502 1484 aeque
514 1430 579 1466 suae
592 1430 681 1483 neque
697 1412 790 1536 ffiun
808 1411 920 1466 Romani
932 1411 1072 1480 dignitatis

151 1498 212 1536 esse
224 1482 365 1537 statuebat.
403 1483 565 1553 Itaque‚etsi
579 1499 685 1536 summa
717 1484 723 1534 i
756 1482 841 1538 cultas
853 1481 970 1534 faciendi
982 1481 1072 1552 pontis

150 1553 354 1623 proponebam?
365 1563 471 1624 propter
479 1553 654 1622 latitudinem,
665 1553 833 1624 rapiditatem
842 1551 1070 1674 altitudinempue

150 1621 278 1694 fluminis,
292 1633 383 1678 tamen
403 1623 429 1676 id
449 1622 501 1677 sibi
518 1621 743 1692 contendendum,
762 1631 808 1676 aut
825 1622 903 1676 aliter
915 1639 966 1674 non
981 1631 1023 1674 tra
1043 1638 1070 1674 u·

150 1692 268 1747 cendum
286 1692 434 1746 exercitum
451 1692 631 1746 existimabat.
667 1693 808 1746 Rationem
831 1694 919 1762 pontis
943 1691 1016 1746 hanc
1034 1692 1070 1744 iu·

149 1762 244 1816 stituit.
281 1763 366 1830 Tigna
377 1761 440 1819 bina
453 1763 668 1833 sesquipedalia*
679 1761 790 1843 paulum
801 1763 837 1816 ab
848 1764 902 1816 imo
915 1769 1068 1832 praeacuta

149 1829 273 1886 dimensa
290 1831 324 1885 ad
342 1831 512 1888 altitudinem
530 1832 657 1903 fluminis,
678 1831 815 1886 mtervallo
835 1831 934 1902 pedum
953 1831 1071 1894 duorum

148 1901 218 1955 inter
237 1919 268 1954 se
284 1901 422 1972 jungebat.
460 1903 533 1956 Haeo
550 1920 614 1958 curu
632 1901 876 1958 machinationibus
898 1901 1024 1956 immissa
1043 1901 1072 1956 in

148 1969 251 2026 flumen
263 1971 394 2024 defixerat
406 1972 562 2042 fistucisque
580 1971 707 2042 adegerat
726 1989 777 2026 non
796 1972 916 2026 sublicae
935 1970 1019 2026 modo
1031 1969 1070 2024 di·

148 2047 221 2094 recte
233 2040 268 2094 ad
282 2040 511 2113 perpendiculum,
526 2042 574 2095 sed
586 2059 668 2112 prone
686 2059 719 2096 ac
731 2042 862 2111 fastigata,
876 2051 905 2096 ut
918 2040 1070 2096 secundum

147 2119 271 2164 naturam
290 2111 410 2164 fluminis
427 2111 640 2183 procumberent,
658 2111 702 2166 his
720 2113 786 2166 item
803 2112 933 2166 contraria
956 2111 1012 2165 duo
1035 2109 1070 2164 ad

147 2177 266 2234 eundern
285 2180 395 2235 modurn
418 2181 511 2253 juncta
529 2183 668 2236 intervallo
687 2182 788 2252 pedum
826 2181 1012 2252 uadragenum
1035 2179 1070 2234 ab

88 2296 90 2300 ,
147 2249 271 2304 inferiore
284 2260 359 2321 parte
375 2261 466 2306 contra
478 2254 536 2306 vim
553 2261 639 2322 atque¹
654 2253 691 2306 irn
711 2262 785 2306 etum
804 2199 922 2306 huminis
940 2265 1071 2305 conversa

147 2319 291 2374 statuebat.
329 2321 404 2374 Haec
418 2323 545 2392 ‘utraque‘
563 2323 671 2392 insuper
689 2270 859 2392 bipedalibus
879 2321 1001 2376 trabibus
1021 2322 1070 2374 im·

147 2389 245 2460 missis,
270 2402 401 2460 quantum
426 2409 519 2446 eorum
543 2392 677 2460 tignorum
698 2391 822 2472 junctura
846 2391 971 2459 distabat,
997 2390 1071 2445 binis

147 2460 282 2531 utrimque
295 2460 385 2516 fibulis
396 2461 432 2516 ab
444 2469 566 2518 extrema
584 2469 660 2532 parte
677 2460 886 2530 distinebantur5
904 2460 1004 2532 quibus
1016 2459 1070 2514 dis-

148 2529 232 2584 clusis
243 2540 325 2600 etque
338 2531 365 2586 in
378 2533 536 2586 contrariam
549 2540 652 2601 partem
670 2531 796 2586 revinctis
814 2539 886 2584 tanta
905 2540 962 2584 erat
980 2529 1071 2602 operis

174 2655 182 2682 ¹
188 2652 239 2722 diei
253 2655 360 2716 pellaeas
377 2652 398 2702 is
418 2652 459 2703 the
477 2653 597 2714 objectiva
616 2654 736 2761 ἱεξιίῐίνει
754 2656 788 2715 by
807 2654 848 2703 the
867 2655 1026 2715 occupatione
1045 2655 1070 2704 in

145 2711 225 2761 which
236 2711 268 2760 he
279 2728 330 2760 was
342 2711 452 2774 engaged
462 2711 499 2762 lor
509 2712 550 2760 the
561 2729 620 2774 rapu
639 2713 677 2762 lrc.

174 2785 233 2833 ²Ad
248 2785 269 2833 is
285 2784 342 2834 here
353 2785 414 2834 used
425 2785 450 2834 in
460 2785 502 2834 the
513 2800 584 2834 sense
596 2785 624 2834 of
630 2789 707 2849 opud·
725 2787 769 2834 hut
779 2789 811 2835 ud
826 2797 850 2836 at
867 2787 909 2836 the
924 2803 994 2836 same
1009 2788 1070 2838 time

145 2844 307 2953 ppppairpggpe
318 2845 380 2901 idea,
391 2845 443 2893 that
454 2843 568 2894 Caesar's
579 2844 642 2896 fame
654 2845 701 2894 had
709 2850 848 2908 penetratad
857 2855 881 2895 to
889 2845 930 2896 the
942 2858 1009 2898 most
1019 2847 1068 2898 dis·

163 2976 384 3040 1¹Pr0ponehutur5
402 2975 455 3026 that
466 2977 495 3033 is,
511 2981 576 3026 ‘was
586 2977 671 3038 placed
681 2977 763 3027 before
774 2978 812 3028 bis
823 2995 883 3039 eyes
889 2977 906 3036 ς’
914 2979 1022 3042 uamely.
1035 2981 1069 3041 by

144 3035 215 3084 those
226 3036 308 3084 whom
319 3035 350 3083 he
361 3036 498 3094 sensatim,
511 3037 557 3086 and
569 3036 624 3085 who
635 3038 708 3086 knew
719 3038 760 3086 the
772 3039 821 3087 real
832 3049 895 3087 state
906 3038 934 3087 ol
945 3039 1039 3102 things.

173 3107 257 3156 ‘Two
273 3108 321 3155 seet
340 3109 385 3156 and
403 3108 490 3166 ahali,
502 3110 608 3171 namely,
621 3111 647 3158 in
662 3111 802 3160 thickness:
817 3113 868 3172 just
884 3127 911 3162 as
928 3111 1068 3170 belownha

145 3168 221 3215 trahea
229 3168 344 3229 bipedales
356 3182 396 3215 are
407 3169 492 3217 baama
502 3169 530 3217 of
541 3179 591 3217 two
602 3169 650 3218 feet
661 3171 686 3218 in
696 3169 829 3220 thiclmess.

175 3237 310 3300 ‘Namely,
321 3239 392 3308 those
403 3239 429 3287 iu
438 3240 480 3288 the
491 3255 567 3301 upper
577 3241 623 3290 and
634 3241 676 3292 the
687 3242 763 3292 lower
770 3257 822 3304 part
834 3245 862 3294 os
869 3244 910 3293 the
921 3245 993 3294 river.
1011 3244 1068 3294 The

145 3295 196 3344 real
206 3305 290 3365 natnrs
301 3297 329 3345 of
339 3297 388 3346 thrs
400 3297 484 3360 bridge
495 3311 582 3348 cannot
594 3301 624 3348 be
636 3302 762 3351 described
773 3317 840 3353 more
852 3304 942 3366 clearly
950 3306 976 3353 in
986 3304 1068 3354 words

146 3350 206 3420 than
215 3363 233 3401 n
245 3371 265 3402 rs
276 3356 338 3404 done
349 3356 434 3405 hereb
461 3357 675 3418 Gaesarhimee153
693 3363 737 3410 hut
752 3361 794 3411 the
811 3363 945 3412 annexede
1008 3365 1069 3426 ring
1121 3411 1122 3420 ,

147 3408 198 3458 wrll
211 3409 267 3472 help
278 3423 303 3461 to
314 3415 410 3475 explain
420 3371 462 3465 the
473 3416 579 3478 chapter.
611 3419 666 3467 The
681 3419 749 3480 place
761 3423 842 3472 where
853 3423 902 3473 this
918 3379 1009 3486 aab&
1015 3440 1068 3474 was
