<?xml version="1.0" encoding="UTF-8"?>
<!DOCTYPE html PUBLIC "-//W3C//DTD XHTML 1.0 Transitional//EN"
    "http://www.w3.org/TR/xhtml1/DTD/xhtml1-transitional.dtd">
<html xmlns="http://www.w3.org/1999/xhtml" xml:lang="en" lang="en">
 <head>
  <title>
</title>
<meta http-equiv="Content-Type" content="text/html;charset=utf-8" />
  <meta name='ocr-system' content='tesseract 3.04.00' />
  <meta name='ocr-capabilities' content='ocr_page ocr_carea ocr_par ocr_line ocrx_word'/>
</head>
<body>
  <div class='ocr_page' id='page_1' title='image "./cjuliicaesarisc00zumpgoog_0099.png"; bbox 0 0 2268 3786; ppageno 0'>
   <div class='ocr_carea' id='block_1_1' title="bbox 148 259 767 340">
    <p class='ocr_par' dir='ltr' id='par_1_1' title="bbox 148 259 767 340">
     <span class='ocr_line' id='line_1_1' title="bbox 148 259 767 340; baseline 0.003 -3"><span class='ocrx_word' id='word_1_1' title='bbox 148 259 190 337; x_wconf 80' lang='lat' dir='ltr'>et</span> <span class='ocrx_word' id='word_1_2' title='bbox 448 293 489 338; x_wconf 78' lang='lat' dir='ltr'>cc</span> <span class='ocrx_word' id='word_1_3' title='bbox 509 293 608 336; x_wconf 71' lang='lat' dir='ltr'>nanno</span> <span class='ocrx_word' id='word_1_4' title='bbox 629 293 767 340; x_wconf 68' lang='lat' dir='ltr'>eunuco.</span> 
     </span>
    </p>
   </div>
   <div class='ocr_carea' id='block_1_2' title="bbox 65 403 1126 2442">
    <p class='ocr_par' dir='ltr' id='par_1_2' title="bbox 65 403 1126 2442">
     <span class='ocr_line' id='line_1_2' title="bbox 149 403 1069 476; baseline 0.002 -18"><span class='ocrx_word' id='word_1_5' title='bbox 149 412 206 458; x_wconf 88' lang='lat' dir='ltr'>erat</span> <span class='ocrx_word' id='word_1_6' title='bbox 223 419 321 474; x_wconf 83' lang='lat' dir='ltr'>magno</span> <span class='ocrx_word' id='word_1_7' title='bbox 338 403 398 458; x_wconf 85' lang='lat' dir='ltr'>usui</span> <span class='ocrx_word' id='word_1_8' title='bbox 416 419 460 460; x_wconf 83' lang='lat' dir='ltr'>res</span> <span class='ocrx_word' id='word_1_9' title='bbox 476 411 633 476; x_wconf 85' lang='lat' dir='ltr'>praeparata</span> <span class='ocrx_word' id='word_1_10' title='bbox 649 421 667 456; x_wconf 90' lang='lat' dir='ltr'>a</span> <span class='ocrx_word' id='word_1_11' title='bbox 684 405 786 474; x_wconf 84' lang='lat' dir='ltr'>nostris,</span> <span class='ocrx_word' id='word_1_12' title='bbox 800 403 885 459; x_wconf 79' lang='lat' dir='ltr'>falces</span> <span class='ocrx_word' id='word_1_13' title='bbox 898 413 1069 476; x_wconf 73' lang='lat' dir='ltr'>praeacutae,</span> 
     </span>
     <span class='ocr_line' id='line_1_3' title="bbox 149 474 1071 545; baseline 0.001 -17"><span class='ocrx_word' id='word_1_14' title='bbox 149 477 264 528; x_wconf 78' lang='lat' dir='ltr'><strong>insertae</strong></span> <span class='ocrx_word' id='word_1_15' title='bbox 282 474 440 544; x_wconf 82' lang='lat' dir='ltr'>adfixaeque</span> <span class='ocrx_word' id='word_1_16' title='bbox 458 474 592 545; x_wconf 85' lang='lat' dir='ltr'>longuriis,</span> <span class='ocrx_word' id='word_1_17' title='bbox 612 492 664 528; x_wconf 90' lang='lat' dir='ltr'>non</span> <span class='ocrx_word' id='word_1_18' title='bbox 687 474 804 529; x_wconf 79' lang='lat' dir='ltr'>absimili</span> <span class='ocrx_word' id='word_1_19' title='bbox 822 475 908 528; x_wconf 78' lang='lat' dir='ltr'>forma</span> <span class='ocrx_word' id='word_1_20' title='bbox 924 476 1071 529; x_wconf 88' lang='lat' dir='ltr'>muralium</span> 
     </span>
     <span class='ocr_line' id='line_1_4' title="bbox 149 543 1071 616; baseline 0 -18"><span class='ocrx_word' id='word_1_21' title='bbox 149 543 277 598; x_wconf 79' lang='lat' dir='ltr'>isicium.l</span> <span class='ocrx_word' id='word_1_22' title='bbox 294 545 343 598; x_wconf 88' lang='lat' dir='ltr'>His</span> <span class='ocrx_word' id='word_1_23' title='bbox 355 561 418 597; x_wconf 87' lang='lat' dir='ltr'>curn</span> <span class='ocrx_word' id='word_1_24' title='bbox 429 543 515 616; x_wconf 81' lang='lat' dir='ltr'>funes,</span> <span class='ocrx_word' id='word_1_25' title='bbox 526 545 570 614; x_wconf 91' lang='lat' dir='ltr'>qui</span> <span class='ocrx_word' id='word_1_26' title='bbox 583 558 724 598; x_wconf 80' lang='lat' dir='ltr'>antemnas</span> <span class='ocrx_word' id='word_1_27' title='bbox 735 544 770 597; x_wconf 89' lang='lat' dir='ltr'>ad</span> <span class='ocrx_word' id='word_1_28' title='bbox 782 545 868 598; x_wconf 84' lang='lat' dir='ltr'>malos</span> <span class='ocrx_word' id='word_1_29' title='bbox 879 544 1071 616; x_wconf 84' lang='lat' dir='ltr'>destinabant,&#39;</span> 
     </span>
     <span class='ocr_line' id='line_1_5' title="bbox 148 614 1070 685; baseline 0.003 -18"><span class='ocrx_word' id='word_1_30' title='bbox 148 614 333 684; x_wconf 81' lang='lat' dir='ltr'>comprehensi</span> <span class='ocrx_word' id='word_1_31' title='bbox 356 614 517 684; x_wconf 80' lang='lat' dir='ltr'>adductique</span> <span class='ocrx_word' id='word_1_32' title='bbox 536 624 618 684; x_wconf 84' lang='lat' dir='ltr'>erant,</span> <span class='ocrx_word' id='word_1_33' title='bbox 638 614 742 684; x_wconf 82' lang='lat' dir='ltr'>navigio</span> <span class='ocrx_word' id='word_1_34' title='bbox 767 616 847 668; x_wconf 83' lang='lat' dir='ltr'>remis</span> <span class='ocrx_word' id='word_1_35' title='bbox 866 615 976 668; x_wconf 88' lang='lat' dir='ltr'>incitato</span> <span class='ocrx_word' id='word_1_36' title='bbox 996 633 1070 685; x_wconf 89' lang='lat' dir='ltr'>prae·</span> 
     </span>
     <span class='ocr_line' id='line_1_6' title="bbox 150 684 1070 756; baseline 0.002 -20"><span class='ocrx_word' id='word_1_37' title='bbox 150 685 345 756; x_wconf 78' lang='lat' dir='ltr'><strong>rumpebantur.</strong></span> <span class='ocrx_word' id='word_1_38' title='bbox 381 684 483 743; x_wconf 83' lang='lat' dir='ltr'>Quibus</span> <span class='ocrx_word' id='word_1_39' title='bbox 501 685 615 738; x_wconf 82' lang='lat' dir='ltr'>abscisis</span> <span class='ocrx_word' id='word_1_40' title='bbox 626 695 770 738; x_wconf 87' lang='lat' dir='ltr'>antemnae</span> <span class='ocrx_word' id='word_1_41' title='bbox 782 685 932 738; x_wconf 83' lang='lat' dir='ltr'>necessario</span> <span class='ocrx_word' id='word_1_42' title='bbox 945 685 1070 739; x_wconf 88' lang='lat' dir='ltr'>conoide·</span> 
     </span>
     <span class='ocr_line' id='line_1_7' title="bbox 147 753 1069 824; baseline 0.003 -18"><span class='ocrx_word' id='word_1_43' title='bbox 147 753 219 824; x_wconf 88' lang='lat' dir='ltr'>bant,</span> <span class='ocrx_word' id='word_1_44' title='bbox 233 765 270 824; x_wconf 85' lang='lat' dir='ltr'>ut,</span> <span class='ocrx_word' id='word_1_45' title='bbox 284 772 349 808; x_wconf 89' lang='lat' dir='ltr'>cum</span> <span class='ocrx_word' id='word_1_46' title='bbox 360 754 446 807; x_wconf 91' lang='lat' dir='ltr'>omnis</span> <span class='ocrx_word' id='word_1_47' title='bbox 458 754 567 807; x_wconf 85' lang='lat' dir='ltr'>Gallicis</span> <span class='ocrx_word' id='word_1_48' title='bbox 584 755 699 809; x_wconf 85' lang='lat' dir='ltr'>navibus</span> <span class='ocrx_word' id='word_1_49' title='bbox 716 771 779 824; x_wconf 86' lang='lat' dir='ltr'>spes</span> <span class='ocrx_word' id='word_1_50' title='bbox 791 755 819 807; x_wconf 90' lang='lat' dir='ltr'>in</span> <span class='ocrx_word' id='word_1_51' title='bbox 831 755 899 808; x_wconf 84' lang='lat' dir='ltr'>velis</span> <span class='ocrx_word' id='word_1_52' title='bbox 917 771 1069 809; x_wconf 85' lang='lat' dir='ltr'>armamen-</span> 
     </span>
     <span class='ocr_line' id='line_1_8' title="bbox 148 823 1126 895; baseline 0.003 -19"><span class='ocrx_word' id='word_1_53' title='bbox 148 825 234 894; x_wconf 88' lang='lat' dir='ltr'>tisque</span> <span class='ocrx_word' id='word_1_54' title='bbox 246 826 410 892; x_wconf 77' lang='lat' dir='ltr'>consisteret,</span> <span class='ocrx_word' id='word_1_55' title='bbox 424 823 467 877; x_wconf 87' lang='lat' dir='ltr'>iris</span> <span class='ocrx_word' id='word_1_56' title='bbox 479 825 576 894; x_wconf 89' lang='lat' dir='ltr'>ereptis</span> <span class='ocrx_word' id='word_1_57' title='bbox 588 825 675 877; x_wconf 89' lang='lat' dir='ltr'>omnis</span> <span class='ocrx_word' id='word_1_58' title='bbox 686 841 751 877; x_wconf 86' lang='lat' dir='ltr'>usus</span> <span class='ocrx_word' id='word_1_59' title='bbox 762 824 873 878; x_wconf 83' lang='lat' dir='ltr'>navium</span> <span class='ocrx_word' id='word_1_60' title='bbox 881 841 934 878; x_wconf 92' lang='lat' dir='ltr'>uno</span> <span class='ocrx_word' id='word_1_61' title='bbox 947 833 1069 895; x_wconf 88' lang='lat' dir='ltr'>ternpore</span> <span class='ocrx_word' id='word_1_62' title='bbox 1125 869 1126 872; x_wconf 48' lang='lat'>.</span> 
     </span>
     <span class='ocr_line' id='line_1_9' title="bbox 147 893 1069 966; baseline 0 -20"><span class='ocrx_word' id='word_1_63' title='bbox 147 893 301 964; x_wconf 73' lang='lat' dir='ltr'>eriperetur.</span> <span class='ocrx_word' id='word_1_64' title='bbox 337 894 481 962; x_wconf 85' lang='lat' dir='ltr'>Reliquum</span> <span class='ocrx_word' id='word_1_65' title='bbox 498 904 554 947; x_wconf 88' lang='lat' dir='ltr'>erat</span> <span class='ocrx_word' id='word_1_66' title='bbox 572 903 710 947; x_wconf 87' lang='lat' dir='ltr'>certarnen</span> <span class='ocrx_word' id='word_1_67' title='bbox 728 894 842 964; x_wconf 85' lang='lat' dir='ltr'>positum</span> <span class='ocrx_word' id='word_1_68' title='bbox 856 895 884 947; x_wconf 91' lang='lat' dir='ltr'>in</span> <span class='ocrx_word' id='word_1_69' title='bbox 896 895 1003 963; x_wconf 84' lang='lat' dir='ltr'>virtute,</span> <span class='ocrx_word' id='word_1_70' title='bbox 1017 913 1069 966; x_wconf 85' lang='lat' dir='ltr'>qna</span> 
     </span>
     <span class='ocr_line' id='line_1_10' title="bbox 146 963 1068 1044; baseline 0.002 -28"><span class='ocrx_word' id='word_1_71' title='bbox 146 967 226 1017; x_wconf 79' lang='lat' dir='ltr'>nostri</span> <span class='ocrx_word' id='word_1_72' title='bbox 239 965 338 1018; x_wconf 87' lang='lat' dir='ltr'>milites</span> <span class='ocrx_word' id='word_1_73' title='bbox 356 963 435 1016; x_wconf 80' lang='lat' dir='ltr'>facile</span> <span class='ocrx_word' id='word_1_74' title='bbox 455 963 623 1034; x_wconf 84' lang='lat' dir='ltr'>superabant,</span> <span class='ocrx_word' id='word_1_75' title='bbox 636 973 717 1044; x_wconf 83' lang='lat' dir='ltr'>atque</span> <span class='ocrx_word' id='word_1_76' title='bbox 729 981 761 1016; x_wconf 92' lang='lat' dir='ltr'>ec</span> <span class='ocrx_word' id='word_1_77' title='bbox 773 963 867 1033; x_wconf 80' lang='lat' dir='ltr'>magis,</span> <span class='ocrx_word' id='word_1_78' title='bbox 882 963 952 1034; x_wconf 91' lang='lat' dir='ltr'>quod</span> <span class='ocrx_word' id='word_1_79' title='bbox 967 965 996 1017; x_wconf 91' lang='lat' dir='ltr'>in</span> <span class='ocrx_word' id='word_1_80' title='bbox 1008 981 1068 1018; x_wconf 91' lang='lat' dir='ltr'>con·</span> 
     </span>
     <span class='ocr_line' id='line_1_11' title="bbox 146 1033 1068 1104; baseline 0.003 -20"><span class='ocrx_word' id='word_1_81' title='bbox 146 1042 240 1104; x_wconf 89' lang='lat' dir='ltr'>spectu</span> <span class='ocrx_word' id='word_1_82' title='bbox 252 1033 374 1086; x_wconf 83' lang='lat' dir='ltr'>Caesaris</span> <span class='ocrx_word' id='word_1_83' title='bbox 391 1042 471 1102; x_wconf 86' lang='lat' dir='ltr'>atque</span> <span class='ocrx_word' id='word_1_84' title='bbox 489 1033 576 1087; x_wconf 84' lang='lat' dir='ltr'>omnis</span> <span class='ocrx_word' id='word_1_85' title='bbox 594 1042 728 1086; x_wconf 83' lang='lat' dir='ltr'>exercitus</span> <span class='ocrx_word' id='word_1_86' title='bbox 745 1049 788 1086; x_wconf 89' lang='lat' dir='ltr'>res</span> <span class='ocrx_word' id='word_1_87' title='bbox 804 1033 954 1104; x_wconf 80' lang='lat' dir='ltr'>gerebatur,</span> <span class='ocrx_word' id='word_1_88' title='bbox 969 1042 999 1087; x_wconf 86' lang='lat' dir='ltr'>ut</span> <span class='ocrx_word' id='word_1_89' title='bbox 1011 1035 1068 1088; x_wconf 90' lang='lat' dir='ltr'>nul·</span> 
     </span>
     <span class='ocr_line' id='line_1_12' title="bbox 146 1101 1067 1174; baseline 0.005 -20"><span class='ocrx_word' id='word_1_90' title='bbox 146 1101 202 1154; x_wconf 90' lang='lat' dir='ltr'>lum</span> <span class='ocrx_word' id='word_1_91' title='bbox 214 1103 292 1172; x_wconf 85' lang='lat' dir='ltr'>paulo</span> <span class='ocrx_word' id='word_1_92' title='bbox 306 1102 397 1155; x_wconf 85' lang='lat' dir='ltr'>fortius</span> <span class='ocrx_word' id='word_1_93' title='bbox 409 1101 511 1156; x_wconf 83' lang='lat' dir='ltr'>sactum</span> <span class='ocrx_word' id='word_1_94' title='bbox 522 1103 605 1156; x_wconf 91' lang='lat' dir='ltr'>latere</span> <span class='ocrx_word' id='word_1_95' title='bbox 618 1112 708 1174; x_wconf 84' lang='lat' dir='ltr'>posset</span> <span class='ocrx_word' id='word_1_96' title='bbox 715 1119 723 1172; x_wconf 83' lang='lat'>3</span> <span class='ocrx_word' id='word_1_97' title='bbox 740 1119 835 1156; x_wconf 89' lang='lat' dir='ltr'>omnes</span> <span class='ocrx_word' id='word_1_98' title='bbox 847 1104 919 1156; x_wconf 90' lang='lat' dir='ltr'>enirn</span> <span class='ocrx_word' id='word_1_99' title='bbox 932 1103 1019 1158; x_wconf 85' lang='lat' dir='ltr'>colles</span> <span class='ocrx_word' id='word_1_100' title='bbox 1036 1122 1067 1159; x_wconf 90' lang='lat' dir='ltr'>ao</span> 
     </span>
     <span class='ocr_line' id='line_1_13' title="bbox 146 1171 1126 1246; baseline 0.004 -22"><span class='ocrx_word' id='word_1_101' title='bbox 146 1171 204 1224; x_wconf 90' lang='lat' dir='ltr'>loca</span> <span class='ocrx_word' id='word_1_102' title='bbox 223 1173 363 1242; x_wconf 82' lang='lat' dir='ltr'>superiora,</span> <span class='ocrx_word' id='word_1_103' title='bbox 378 1172 449 1226; x_wconf 88' lang='lat' dir='ltr'>unde</span> <span class='ocrx_word' id='word_1_104' title='bbox 467 1182 524 1226; x_wconf 88' lang='lat' dir='ltr'>erat</span> <span class='ocrx_word' id='word_1_105' title='bbox 541 1175 704 1245; x_wconf 84' lang='lat' dir='ltr'>propinquus</span> <span class='ocrx_word' id='word_1_106' title='bbox 722 1173 866 1243; x_wconf 86' lang='lat' dir='ltr'>despectus</span> <span class='ocrx_word' id='word_1_107' title='bbox 884 1173 911 1227; x_wconf 92' lang='lat' dir='ltr'>in</span> <span class='ocrx_word' id='word_1_108' title='bbox 928 1190 1014 1246; x_wconf 83' lang='lat' dir='ltr'>mare,</span> <span class='ocrx_word' id='word_1_109' title='bbox 1033 1174 1068 1228; x_wconf 89' lang='lat' dir='ltr'>ab</span> <span class='ocrx_word' id='word_1_110' title='bbox 1125 1185 1126 1188; x_wconf 77' lang='grc'>’</span> 
     </span>
     <span class='ocr_line' id='line_1_14' title="bbox 145 1243 624 1296; baseline 0 -2"><span class='ocrx_word' id='word_1_111' title='bbox 145 1243 264 1296; x_wconf 83' lang='lat' dir='ltr'>exercitu</span> <span class='ocrx_word' id='word_1_112' title='bbox 277 1243 443 1296; x_wconf 83' lang='lat' dir='ltr'>tenebantur.</span> <span class='ocrx_word' id='word_1_113' title='bbox 623 1259 624 1264; x_wconf 53' lang='lat'>¹</span> 
     </span>
     <span class='ocr_line' id='line_1_15' title="bbox 140 1311 1066 1384; baseline 0.001 -16"><span class='ocrx_word' id='word_1_114' title='bbox 140 1337 144 1346; x_wconf 94' lang='lat'><em>·</em></span> <span class='ocrx_word' id='word_1_115' title='bbox 164 1316 222 1368; x_wconf 74' lang='grc' dir='ltr'>Ι15.</span> <span class='ocrx_word' id='word_1_116' title='bbox 242 1311 367 1384; x_wconf 84' lang='lat' dir='ltr'>Disjectis</span> <span class='ocrx_word' id='word_1_117' title='bbox 379 1321 406 1364; x_wconf 85' lang='lat' dir='ltr'>ut</span> <span class='ocrx_word' id='word_1_118' title='bbox 419 1312 537 1366; x_wconf 86' lang='lat' dir='ltr'>diximus</span> <span class='ocrx_word' id='word_1_119' title='bbox 554 1313 695 1382; x_wconf 80' lang='lat' dir='ltr'>antemnis,</span> <span class='ocrx_word' id='word_1_120' title='bbox 715 1329 777 1365; x_wconf 89' lang='lat' dir='ltr'>corn</span> <span class='ocrx_word' id='word_1_121' title='bbox 796 1312 914 1382; x_wconf 84' lang='lat' dir='ltr'>singulas</span> <span class='ocrx_word' id='word_1_122' title='bbox 931 1311 1017 1367; x_wconf 83' lang='lat' dir='ltr'>binae</span> <span class='ocrx_word' id='word_1_123' title='bbox 1034 1331 1066 1369; x_wconf 87' lang='lat' dir='ltr'>ac</span> 
     </span>
     <span class='ocr_line' id='line_1_16' title="bbox 144 1383 1126 1453; baseline 0.004 -19"><span class='ocrx_word' id='word_1_124' title='bbox 144 1389 235 1436; x_wconf 87' lang='lat' dir='ltr'>ternae</span> <span class='ocrx_word' id='word_1_125' title='bbox 248 1397 331 1436; x_wconf 87' lang='lat' dir='ltr'>naves</span> <span class='ocrx_word' id='word_1_126' title='bbox 345 1383 582 1453; x_wconf 86' lang='lat' dir='ltr'>circumsteterant,</span> <span class='ocrx_word' id='word_1_127' title='bbox 596 1383 696 1436; x_wconf 86' lang='lat' dir='ltr'>milites</span> <span class='ocrx_word' id='word_1_128' title='bbox 715 1399 822 1436; x_wconf 86' lang='lat' dir='ltr'>summa</span> <span class='ocrx_word' id='word_1_129' title='bbox 835 1383 860 1435; x_wconf 93' lang='lat' dir='ltr'>vi</span> <span class='ocrx_word' id='word_1_130' title='bbox 873 1383 1065 1438; x_wconf 87' lang='lat' dir='ltr'>&#39;transcendere</span> <span class='ocrx_word' id='word_1_131' title='bbox 1125 1447 1126 1452; x_wconf 9' lang='grc' dir='ltr'>η</span> 
     </span>
     <span class='ocr_line' id='line_1_17' title="bbox 143 1451 1065 1522; baseline 0.004 -18"><span class='ocrx_word' id='word_1_132' title='bbox 143 1451 169 1505; x_wconf 95' lang='lat' dir='ltr'>in</span> <span class='ocrx_word' id='word_1_133' title='bbox 184 1451 299 1510; x_wconf 78' lang='lat' dir='ltr'>hostiurn</span> <span class='ocrx_word' id='word_1_134' title='bbox 311 1470 395 1506; x_wconf 84' lang='lat' dir='ltr'>naves</span> <span class='ocrx_word' id='word_1_135' title='bbox 407 1453 612 1506; x_wconf 85' lang='lat' dir='ltr'>contendebant.</span> <span class='ocrx_word' id='word_1_136' title='bbox 649 1451 723 1511; x_wconf 84' lang='lat' dir='ltr'>Quod</span> <span class='ocrx_word' id='word_1_137' title='bbox 737 1463 879 1522; x_wconf 86' lang='lat' dir='ltr'>postquam</span> <span class='ocrx_word' id='word_1_138' title='bbox 886 1452 995 1507; x_wconf 87' lang='lat' dir='ltr'>barbari</span> <span class='ocrx_word' id='word_1_139' title='bbox 1008 1453 1065 1508; x_wconf 88' lang='lat' dir='ltr'>fieri</span> 
     </span>
     <span class='ocr_line' id='line_1_18' title="bbox 142 1521 1065 1594; baseline 0.004 -20"><span class='ocrx_word' id='word_1_140' title='bbox 142 1523 394 1594; x_wconf 85' lang='lat' dir='ltr'>animadverterunt,</span> <span class='ocrx_word' id='word_1_141' title='bbox 408 1524 570 1592; x_wconf 84' lang='lat' dir='ltr'>expugnatis·</span> <span class='ocrx_word' id='word_1_142' title='bbox 578 1521 758 1593; x_wconf 89' lang='lat' dir='ltr'>compluribus</span> <span class='ocrx_word' id='word_1_143' title='bbox 774 1522 895 1592; x_wconf 84' lang='lat' dir='ltr'>naribus,</span> <span class='ocrx_word' id='word_1_144' title='bbox 908 1539 974 1576; x_wconf 89' lang='lat' dir='ltr'>cum</span> <span class='ocrx_word' id='word_1_145' title='bbox 987 1524 1015 1577; x_wconf 88' lang='lat' dir='ltr'>ei</span> <span class='ocrx_word' id='word_1_146' title='bbox 1027 1525 1065 1578; x_wconf 86' lang='lat' dir='ltr'>rei</span> 
     </span>
     <span class='ocr_line' id='line_1_19' title="bbox 142 1591 1064 1664; baseline 0.003 -19"><span class='ocrx_word' id='word_1_147' title='bbox 142 1592 245 1646; x_wconf 88' lang='lat' dir='ltr'>nullum</span> <span class='ocrx_word' id='word_1_148' title='bbox 264 1594 421 1664; x_wconf 86' lang='lat' dir='ltr'>reperiretur</span> <span class='ocrx_word' id='word_1_149' title='bbox 439 1593 576 1664; x_wconf 84' lang='lat' dir='ltr'>auxilium,</span> <span class='ocrx_word' id='word_1_150' title='bbox 593 1592 657 1661; x_wconf 85' lang='lat' dir='ltr'>fuga</span> <span class='ocrx_word' id='word_1_151' title='bbox 675 1591 791 1646; x_wconf 87' lang='lat' dir='ltr'>salutern</span> <span class='ocrx_word' id='word_1_152' title='bbox 808 1601 899 1662; x_wconf 85' lang='lat' dir='ltr'>petere</span> <span class='ocrx_word' id='word_1_153' title='bbox 917 1594 1064 1648; x_wconf 88' lang='lat' dir='ltr'>contende·</span> 
     </span>
     <span class='ocr_line' id='line_1_20' title="bbox 125 1662 1064 1732; baseline 0.005 -18"><span class='ocrx_word' id='word_1_154' title='bbox 125 1671 216 1732; x_wconf 80' lang='lat' dir='ltr'>&#39;runt3</span> <span class='ocrx_word' id='word_1_155' title='bbox 234 1681 267 1716; x_wconf 91' lang='lat' dir='ltr'>ac</span> <span class='ocrx_word' id='word_1_156' title='bbox 283 1662 340 1732; x_wconf 80' lang='lat' dir='ltr'>jam</span> <span class='ocrx_word' id='word_1_157' title='bbox 358 1662 494 1716; x_wconf 85' lang='lat' dir='ltr'>conversis</span> <span class='ocrx_word' id='word_1_158' title='bbox 512 1663 538 1714; x_wconf 90' lang='lat' dir='ltr'>irr</span> <span class='ocrx_word' id='word_1_159' title='bbox 557 1679 619 1714; x_wconf 88' lang='lat' dir='ltr'>earn</span> <span class='ocrx_word' id='word_1_160' title='bbox 636 1671 740 1732; x_wconf 87' lang='lat' dir='ltr'>partem</span> <span class='ocrx_word' id='word_1_161' title='bbox 759 1662 878 1732; x_wconf 81' lang='lat' dir='ltr'>naribus,</span> <span class='ocrx_word' id='word_1_162' title='bbox 892 1662 954 1732; x_wconf 83' lang='lat' dir='ltr'>quo⁸</span> <span class='ocrx_word' id='word_1_163' title='bbox 967 1673 1064 1718; x_wconf 78' lang='lat' dir='ltr'>ventus</span> 
     </span>
     <span class='ocr_line' id='line_1_21' title="bbox 141 1730 1064 1802; baseline 0.005 -18"><span class='ocrx_word' id='word_1_164' title='bbox 141 1730 252 1802; x_wconf 83' lang='lat' dir='ltr'>ferebat,</span> <span class='ocrx_word' id='word_1_165' title='bbox 266 1741 339 1786; x_wconf 87' lang='lat' dir='ltr'>tanta</span> <span class='ocrx_word' id='word_1_166' title='bbox 352 1733 439 1786; x_wconf 86' lang='lat' dir='ltr'>subito</span> <span class='ocrx_word' id='word_1_167' title='bbox 451 1732 566 1785; x_wconf 85' lang='lat' dir='ltr'>malacia</span> <span class='ocrx_word' id='word_1_168' title='bbox 577 1749 610 1784; x_wconf 86' lang='lat' dir='ltr'>cc</span> <span class='ocrx_word' id='word_1_169' title='bbox 624 1731 808 1801; x_wconf 83' lang='lat' dir='ltr'>tranquillitae‘</span> <span class='ocrx_word' id='word_1_170' title='bbox 820 1734 928 1801; x_wconf 85' lang='lat' dir='ltr'>exstitit,</span> <span class='ocrx_word' id='word_1_171' title='bbox 942 1741 972 1785; x_wconf 90' lang='lat' dir='ltr'>ut</span> <span class='ocrx_word' id='word_1_172' title='bbox 985 1751 1017 1787; x_wconf 87' lang='lat' dir='ltr'>se</span> <span class='ocrx_word' id='word_1_173' title='bbox 1030 1751 1064 1790; x_wconf 84' lang='lat' dir='ltr'>ex</span> 
     </span>
     <span class='ocr_line' id='line_1_22' title="bbox 140 1799 1063 1872; baseline 0.005 -19"><span class='ocrx_word' id='word_1_174' title='bbox 140 1799 198 1854; x_wconf 91' lang='lat' dir='ltr'>loco</span> <span class='ocrx_word' id='word_1_175' title='bbox 211 1819 381 1856; x_wconf 86' lang='lat' dir='ltr'>commovere</span> <span class='ocrx_word' id='word_1_176' title='bbox 393 1819 444 1856; x_wconf 89' lang='lat' dir='ltr'>non</span> <span class='ocrx_word' id='word_1_177' title='bbox 458 1811 572 1872; x_wconf 86' lang='lat' dir='ltr'>possent.</span> <span class='ocrx_word' id='word_1_178' title='bbox 609 1802 683 1862; x_wconf 80' lang='lat' dir='ltr'>Quae</span> <span class='ocrx_word' id='word_1_179' title='bbox 696 1801 805 1872; x_wconf 89' lang='lat' dir='ltr'>quidem</span> <span class='ocrx_word' id='word_1_180' title='bbox 818 1819 861 1854; x_wconf 88' lang='lat' dir='ltr'>res</span> <span class='ocrx_word' id='word_1_181' title='bbox 876 1801 910 1854; x_wconf 89' lang='lat' dir='ltr'>ed</span> <span class='ocrx_word' id='word_1_182' title='bbox 922 1804 1063 1872; x_wconf 87' lang='lat' dir='ltr'>negotium</span> 
     </span>
     <span class='ocr_line' id='line_1_23' title="bbox 65 1871 1062 1943; baseline 0.005 -21"><span class='ocrx_word' id='word_1_183' title='bbox 65 1873 67 1878; x_wconf 86' lang='lat'>&#39;</span> <span class='ocrx_word' id='word_1_184' title='bbox 140 1871 336 1926; x_wconf 89' lang='lat' dir='ltr'>conficiendum</span> <span class='ocrx_word' id='word_1_185' title='bbox 358 1873 476 1926; x_wconf 81' lang='lat' dir='ltr'>maxime</span> <span class='ocrx_word' id='word_1_186' title='bbox 502 1871 551 1928; x_wconf 85' lang='lat' dir='ltr'>luit</span> <span class='ocrx_word' id='word_1_187' title='bbox 574 1880 734 1943; x_wconf 70' lang='lat' dir='ltr'>opportuna,</span> <span class='ocrx_word' id='word_1_188' title='bbox 758 1889 822 1926; x_wconf 88' lang='lat' dir='ltr'>narn</span> <span class='ocrx_word' id='word_1_189' title='bbox 840 1871 962 1940; x_wconf 84' lang='lat' dir='ltr'>singulas</span> <span class='ocrx_word' id='word_1_190' title='bbox 979 1876 1062 1927; x_wconf 84' lang='lat' dir='ltr'>nostri</span> 
     </span>
     <span class='ocr_line' id='line_1_24' title="bbox 140 1942 1062 2012; baseline 0.007 -20"><span class='ocrx_word' id='word_1_191' title='bbox 140 1943 286 1994; x_wconf 84' lang='lat' dir='ltr'>consectati</span> <span class='ocrx_word' id='word_1_192' title='bbox 299 1952 524 2012; x_wconf 82' lang='lat' dir='ltr'>expugnaverunt,</span> <span class='ocrx_word' id='word_1_193' title='bbox 540 1951 568 1996; x_wconf 90' lang='lat' dir='ltr'>ut</span> <span class='ocrx_word' id='word_1_194' title='bbox 581 1959 730 2012; x_wconf 88' lang='lat' dir='ltr'>perpaucae</span> <span class='ocrx_word' id='word_1_195' title='bbox 744 1942 862 1995; x_wconf 83' lang='lat' dir='ltr'>exomni</span> <span class='ocrx_word' id='word_1_196' title='bbox 875 1959 987 1995; x_wconf 88' lang='lat' dir='ltr'>numero</span> <span class='ocrx_word' id='word_1_197' title='bbox 1000 1959 1062 1998; x_wconf 86' lang='lat' dir='ltr'>noc·</span> 
     </span>
     <span class='ocr_line' id='line_1_25' title="bbox 141 2009 1063 2082; baseline 0.003 -19"><span class='ocrx_word' id='word_1_198' title='bbox 141 2009 175 2063; x_wconf 87' lang='lat' dir='ltr'>tis</span> <span class='ocrx_word' id='word_1_199' title='bbox 187 2011 336 2065; x_wconf 87' lang='lat' dir='ltr'>interventu</span> <span class='ocrx_word' id='word_1_200' title='bbox 351 2013 384 2064; x_wconf 90' lang='lat' dir='ltr'>ad</span> <span class='ocrx_word' id='word_1_201' title='bbox 398 2021 496 2066; x_wconf 84' lang='lat' dir='ltr'>terram</span> <span class='ocrx_word' id='word_1_202' title='bbox 510 2013 685 2082; x_wconf 84' lang='lat' dir='ltr'>pervenerint,</span> <span class='ocrx_word' id='word_1_203' title='bbox 696 2029 759 2064; x_wconf 90' lang='lat' dir='ltr'>curn</span> <span class='ocrx_word' id='word_1_204' title='bbox 771 2011 807 2064; x_wconf 93' lang='lat' dir='ltr'>ab</span> <span class='ocrx_word' id='word_1_205' title='bbox 818 2011 882 2065; x_wconf 90' lang='lat' dir='ltr'>hora</span> <span class='ocrx_word' id='word_1_206' title='bbox 891 2012 948 2064; x_wconf 84' lang='lat' dir='ltr'>lere</span> <span class='ocrx_word' id='word_1_207' title='bbox 958 2015 1063 2082; x_wconf 74' lang='lat' dir='ltr'>quarta·</span> 
     </span>
     <span class='ocr_line' id='line_1_26' title="bbox 139 2080 667 2151; baseline 0.004 -19"><span class='ocrx_word' id='word_1_208' title='bbox 139 2095 224 2149; x_wconf 84' lang='lat' dir='ltr'>usque</span> <span class='ocrx_word' id='word_1_209' title='bbox 236 2080 271 2133; x_wconf 87' lang='lat' dir='ltr'>ad</span> <span class='ocrx_word' id='word_1_210' title='bbox 284 2081 347 2134; x_wconf 87' lang='lat' dir='ltr'>solis</span> <span class='ocrx_word' id='word_1_211' title='bbox 359 2099 482 2135; x_wconf 85' lang='lat' dir='ltr'>occasum</span> <span class='ocrx_word' id='word_1_212' title='bbox 496 2091 667 2151; x_wconf 85' lang='lat' dir='ltr'>pugnaretur.</span> 
     </span>
     <span class='ocr_line' id='line_1_27' title="bbox 161 2147 1060 2221; baseline 0.003 -18"><span class='ocrx_word' id='word_1_213' title='bbox 161 2155 216 2203; x_wconf 82' lang='lat'>¹16.</span> <span class='ocrx_word' id='word_1_214' title='bbox 236 2151 294 2210; x_wconf 79' lang='lat' dir='ltr'>Quo</span> <span class='ocrx_word' id='word_1_215' title='bbox 312 2151 411 2221; x_wconf 91' lang='lat' dir='ltr'>proelio</span> <span class='ocrx_word' id='word_1_216' title='bbox 429 2152 531 2206; x_wconf 89' lang='lat' dir='ltr'>bellurn</span> <span class='ocrx_word' id='word_1_217' title='bbox 550 2147 713 2205; x_wconf 85' lang='lat' dir='ltr'>Venetorum</span> <span class='ocrx_word' id='word_1_218' title='bbox 737 2151 872 2221; x_wconf 86' lang='lat' dir='ltr'>totiusque</span> <span class='ocrx_word' id='word_1_219' title='bbox 892 2167 956 2204; x_wconf 87' lang='lat' dir='ltr'>orae</span> <span class='ocrx_word' id='word_1_220' title='bbox 979 2153 1060 2207; x_wconf 84' lang='lat' dir='ltr'>muri·</span> 
     </span>
     <span class='ocr_line' id='line_1_28' title="bbox 138 2219 1061 2294; baseline 0.005 -22"><span class='ocrx_word' id='word_1_221' title='bbox 138 2219 220 2273; x_wconf 87' lang='lat' dir='ltr'>timae</span> <span class='ocrx_word' id='word_1_222' title='bbox 233 2221 384 2274; x_wconf 82' lang='lat' dir='ltr'>confectum</span> <span class='ocrx_word' id='word_1_223' title='bbox 395 2232 444 2277; x_wconf 88' lang='lat' dir='ltr'>est.</span> <span class='ocrx_word' id='word_1_224' title='bbox 469 2223 540 2275; x_wconf 88' lang='lat' dir='ltr'>Nam</span> <span class='ocrx_word' id='word_1_225' title='bbox 549 2239 613 2274; x_wconf 90' lang='lat' dir='ltr'>oum</span> <span class='ocrx_word' id='word_1_226' title='bbox 622 2222 709 2274; x_wconf 84' lang='lat' dir='ltr'>omnia</span> <span class='ocrx_word' id='word_1_227' title='bbox 720 2220 853 2290; x_wconf 83' lang='lat' dir='ltr'>juventus,</span> <span class='ocrx_word' id='word_1_228' title='bbox 867 2223 1061 2294; x_wconf 82' lang='lat' dir='ltr'>omneaetiam</span> 
     </span>
     <span class='ocr_line' id='line_1_29' title="bbox 137 2290 1059 2362; baseline 0.004 -20"><span class='ocrx_word' id='word_1_229' title='bbox 137 2291 265 2358; x_wconf 85' lang='lat' dir='ltr'>gravioris</span> <span class='ocrx_word' id='word_1_230' title='bbox 277 2293 379 2361; x_wconf 89' lang='lat' dir='ltr'>aetatis,</span> <span class='ocrx_word' id='word_1_231' title='bbox 395 2290 532 2362; x_wconf 87' lang='lat' dir='ltr'>inquibus</span> <span class='ocrx_word' id='word_1_232' title='bbox 547 2291 646 2362; x_wconf 88' lang='lat' dir='ltr'>aliquid</span> <span class='ocrx_word' id='word_1_233' title='bbox 660 2291 762 2344; x_wconf 91' lang='lat' dir='ltr'>consilii</span> <span class='ocrx_word' id='word_1_234' title='bbox 780 2299 826 2344; x_wconf 87' lang='lat' dir='ltr'>aut</span> <span class='ocrx_word' id='word_1_235' title='bbox 843 2290 982 2358; x_wconf 85' lang='lat' dir='ltr'>dignitatis</span> <span class='ocrx_word' id='word_1_236' title='bbox 1000 2292 1059 2362; x_wconf 83' lang='lat' dir='ltr'>fuit,</span> 
     </span>
     <span class='ocr_line' id='line_1_30' title="bbox 138 2361 1060 2442; baseline 0.004 -30"><span class='ocrx_word' id='word_1_237' title='bbox 138 2375 170 2412; x_wconf 86' lang='lat' dir='ltr'>eo</span> <span class='ocrx_word' id='word_1_238' title='bbox 188 2371 374 2431; x_wconf 85' lang='lat' dir='ltr'>convenerant,</span> <span class='ocrx_word' id='word_1_239' title='bbox 395 2372 452 2415; x_wconf 86' lang='lat' dir='ltr'>turn</span> <span class='ocrx_word' id='word_1_240' title='bbox 471 2361 670 2442; x_wconf 78' lang='lat' dir='ltr'>naviumquod</span> <span class='ocrx_word' id='word_1_241' title='bbox 694 2361 793 2430; x_wconf 89' lang='lat' dir='ltr'>ubique</span> <span class='ocrx_word' id='word_1_242' title='bbox 812 2361 906 2430; x_wconf 85' lang='lat' dir='ltr'>luerat,</span> <span class='ocrx_word' id='word_1_243' title='bbox 926 2361 953 2414; x_wconf 89' lang='lat' dir='ltr'>in</span> <span class='ocrx_word' id='word_1_244' title='bbox 975 2379 1060 2416; x_wconf 86' lang='lat' dir='ltr'>nuum</span> 
     </span>
    </p>
   </div>
   <div class='ocr_carea' id='block_1_3' title="bbox 137 2427 1060 2642">
    <p class='ocr_par' dir='ltr' id='par_1_3' title="bbox 137 2427 1060 2642">
     <span class='ocr_line' id='line_1_31' title="bbox 137 2427 1060 2553; baseline 0.003 -72"><span class='ocrx_word' id='word_1_245' title='bbox 137 2427 228 2483; x_wconf 89' lang='lat' dir='ltr'>locum</span> <span class='ocrx_word' id='word_1_246' title='bbox 241 2441 398 2500; x_wconf 69' lang='lat' dir='ltr'>coegerunt,</span> <span class='ocrx_word' id='word_1_247' title='bbox 417 2431 516 2501; x_wconf 82' lang='lat' dir='ltr'>quibus</span> <span class='ocrx_word' id='word_1_248' title='bbox 533 2443 643 2484; x_wconf 77' lang='lat' dir='ltr'>amrssrs</span> <span class='ocrx_word' id='word_1_249' title='bbox 661 2430 755 2553; x_wconf 56' lang='lat' dir='ltr'>relirpui</span> <span class='ocrx_word' id='word_1_250' title='bbox 774 2444 861 2499; x_wconf 87' lang='lat' dir='ltr'>neque</span> <span class='ocrx_word' id='word_1_251' title='bbox 880 2447 933 2500; x_wconf 92' lang='lat' dir='ltr'>quo</span> <span class='ocrx_word' id='word_1_252' title='bbox 948 2449 978 2484; x_wconf 90' lang='lat' dir='ltr'>se</span> <span class='ocrx_word' id='word_1_253' title='bbox 994 2431 1060 2486; x_wconf 87' lang='lat' dir='ltr'>reoi-</span> 
     </span>
     <span class='ocr_line' id='line_1_32' title="bbox 173 2499 1056 2571; baseline 0.002 -19"><span class='ocrx_word' id='word_1_254' title='bbox 173 2509 238 2570; x_wconf 86' lang='lat' dir='ltr'>rent,</span> <span class='ocrx_word' id='word_1_255' title='bbox 253 2517 341 2570; x_wconf 87' lang='lat' dir='ltr'>neque</span> <span class='ocrx_word' id='word_1_256' title='bbox 355 2501 584 2571; x_wconf 87' lang='lat' dir='ltr'>quemadmodum</span> <span class='ocrx_word' id='word_1_257' title='bbox 603 2501 700 2570; x_wconf 87' lang='lat' dir='ltr'>oppida</span> <span class='ocrx_word' id='word_1_258' title='bbox 713 2499 895 2569; x_wconf 64' lang='lat' dir='ltr'>celenderent,</span> <span class='ocrx_word' id='word_1_259' title='bbox 910 2499 1056 2554; x_wconf 86' lang='lat' dir='ltr'>hebebant.</span> 
     </span>
     <span class='ocr_line' id='line_1_33' title="bbox 151 2569 1058 2642; baseline 0.003 -21"><span class='ocrx_word' id='word_1_260' title='bbox 151 2578 231 2640; x_wconf 89' lang='lat' dir='ltr'>taque</span> <span class='ocrx_word' id='word_1_261' title='bbox 244 2588 273 2623; x_wconf 88' lang='lat' dir='ltr'>se</span> <span class='ocrx_word' id='word_1_262' title='bbox 287 2588 390 2642; x_wconf 85' lang='lat' dir='ltr'>suaque</span> <span class='ocrx_word' id='word_1_263' title='bbox 402 2572 492 2625; x_wconf 90' lang='lat' dir='ltr'>omnia</span> <span class='ocrx_word' id='word_1_264' title='bbox 505 2571 611 2624; x_wconf 84' lang='lat' dir='ltr'>Caesari</span> <span class='ocrx_word' id='word_1_265' title='bbox 625 2569 793 2624; x_wconf 89' lang='lat' dir='ltr'>dediderunt.</span> <span class='ocrx_word' id='word_1_266' title='bbox 830 2571 859 2624; x_wconf 90' lang='lat' dir='ltr'>ln</span> <span class='ocrx_word' id='word_1_267' title='bbox 872 2586 939 2641; x_wconf 86' lang='lat' dir='ltr'>quos</span> <span class='ocrx_word' id='word_1_268' title='bbox 952 2587 984 2623; x_wconf 92' lang='lat' dir='ltr'>ec</span> <span class='ocrx_word' id='word_1_269' title='bbox 1001 2587 1058 2641; x_wconf 83' lang='lat' dir='ltr'>gra·</span> 
     </span>
    </p>
   </div>
   <div class='ocr_carea' id='block_1_4' title="bbox 135 2753 1126 2935">
    <p class='ocr_par' dir='ltr' id='par_1_4' title="bbox 135 2753 1126 2935">
     <span class='ocr_line' id='line_1_34' title="bbox 165 2753 1103 2862; baseline 0.003 -61"><span class='ocrx_word' id='word_1_270' title='bbox 165 2756 171 2782; x_wconf 89' lang='lat'>¹</span> <span class='ocrx_word' id='word_1_271' title='bbox 182 2753 293 2822; x_wconf 72' lang='lat' dir='ltr'>Marcios</span> <span class='ocrx_word' id='word_1_272' title='bbox 303 2757 381 2817; x_wconf 81' lang='lat' dir='ltr'>falces</span> <span class='ocrx_word' id='word_1_273' title='bbox 393 2771 457 2804; x_wconf 89' lang='lat' dir='ltr'>were</span> <span class='ocrx_word' id='word_1_274' title='bbox 469 2758 521 2804; x_wconf 91' lang='lat' dir='ltr'>ircn</span> <span class='ocrx_word' id='word_1_275' title='bbox 531 2755 610 2825; x_wconf 81' lang='lat' dir='ltr'>lroclrs</span> <span class='ocrx_word' id='word_1_276' title='bbox 621 2755 731 2804; x_wconf 88' lang='lat' dir='ltr'>fastened</span> <span class='ocrx_word' id='word_1_277' title='bbox 743 2765 768 2803; x_wconf 91' lang='lat' dir='ltr'>to</span> <span class='ocrx_word' id='word_1_278' title='bbox 779 2755 836 2862; x_wconf 68' lang='lat' dir='ltr'>lonfi</span> <span class='ocrx_word' id='word_1_279' title='bbox 847 2755 923 2815; x_wconf 90' lang='lat' dir='ltr'>poles,</span> <span class='ocrx_word' id='word_1_280' title='bbox 934 2757 1058 2816; x_wconf 80' lang='lat' dir='ltr'>bymeans</span> <span class='ocrx_word' id='word_1_281' title='bbox 1099 2787 1103 2796; x_wconf 87' lang='lat'>·</span> 
     </span>
     <span class='ocr_line' id='line_1_35' title="bbox 135 2811 1126 2880; baseline 0.003 -19"><span class='ocrx_word' id='word_1_282' title='bbox 135 2811 163 2861; x_wconf 84' lang='lat' dir='ltr'>os</span> <span class='ocrx_word' id='word_1_283' title='bbox 175 2813 255 2862; x_wconf 79' lang='lat' dir='ltr'>which</span> <span class='ocrx_word' id='word_1_284' title='bbox 273 2814 313 2862; x_wconf 88' lang='lat' dir='ltr'>the</span> <span class='ocrx_word' id='word_1_285' title='bbox 331 2815 400 2863; x_wconf 86' lang='lat' dir='ltr'>walls</span> <span class='ocrx_word' id='word_1_286' title='bbox 416 2815 444 2863; x_wconf 88' lang='lat' dir='ltr'>of</span> <span class='ocrx_word' id='word_1_287' title='bbox 457 2831 471 2862; x_wconf 87' lang='lat' dir='ltr'>a</span> <span class='ocrx_word' id='word_1_288' title='bbox 486 2815 602 2876; x_wconf 79' lang='lat' dir='ltr'>basreged</span> <span class='ocrx_word' id='word_1_289' title='bbox 620 2825 687 2864; x_wconf 86' lang='lat' dir='ltr'>town</span> <span class='ocrx_word' id='word_1_290' title='bbox 703 2830 768 2863; x_wconf 88' lang='lat' dir='ltr'>were</span> <span class='ocrx_word' id='word_1_291' title='bbox 784 2829 817 2875; x_wconf 91' lang='lat' dir='ltr'>pn</span> <span class='ocrx_word' id='word_1_292' title='bbox 836 2814 867 2864; x_wconf 91' lang='lat' dir='ltr'>ed</span> <span class='ocrx_word' id='word_1_293' title='bbox 882 2815 965 2873; x_wconf 85' lang='lat' dir='ltr'>down,</span> <span class='ocrx_word' id='word_1_294' title='bbox 977 2830 1006 2864; x_wconf 88' lang='lat' dir='ltr'>or</span> <span class='ocrx_word' id='word_1_295' title='bbox 1016 2815 1058 2864; x_wconf 88' lang='lat' dir='ltr'>the</span> <span class='ocrx_word' id='word_1_296' title='bbox 1125 2877 1126 2880; x_wconf 8' lang='grc' dir='ltr'><strong>Ἴ</strong></span> 
     </span>
     <span class='ocr_line' id='line_1_36' title="bbox 135 2871 623 2935; baseline 0.004 -15"><span class='ocrx_word' id='word_1_297' title='bbox 135 2871 262 2921; x_wconf 83' lang='lat' dir='ltr'>defendere</span> <span class='ocrx_word' id='word_1_298' title='bbox 274 2873 302 2922; x_wconf 80' lang='lat' dir='ltr'>os</span> <span class='ocrx_word' id='word_1_299' title='bbox 314 2875 393 2922; x_wconf 87' lang='lat' dir='ltr'>awell</span> <span class='ocrx_word' id='word_1_300' title='bbox 404 2874 509 2935; x_wconf 84' lang='lat' dir='ltr'>dragged</span> <span class='ocrx_word' id='word_1_301' title='bbox 520 2875 601 2923; x_wconf 86' lang='lat' dir='ltr'>down.</span> <span class='ocrx_word' id='word_1_302' title='bbox 619 2915 623 2922; x_wconf 88' lang='lat'>.</span> 
     </span>
    </p>
   </div>
   <div class='ocr_carea' id='block_1_5' title="bbox 163 2961 936 3112">
    <p class='ocr_par' dir='ltr' id='par_1_5' title="bbox 163 2961 936 3112">
     <span class='ocr_line' id='line_1_37' title="bbox 163 2961 936 3025; baseline 0.005 -15"><span class='ocrx_word' id='word_1_303' title='bbox 163 2961 311 3012; x_wconf 80' lang='lat' dir='ltr'>&#39;Destinarc</span> <span class='ocrx_word' id='word_1_304' title='bbox 320 2963 377 3012; x_wconf 89' lang='lat' dir='ltr'>here</span> <span class='ocrx_word' id='word_1_305' title='bbox 389 2963 433 3012; x_wconf 83' lang='lat' dir='ltr'>baa</span> <span class='ocrx_word' id='word_1_306' title='bbox 444 2964 476 3012; x_wconf 85' lang='lat' dir='ltr'>ita</span> <span class='ocrx_word' id='word_1_307' title='bbox 487 2963 608 3024; x_wconf 87' lang='lat' dir='ltr'>primitive</span> <span class='ocrx_word' id='word_1_308' title='bbox 619 2963 741 3025; x_wconf 85' lang='lat' dir='ltr'>meaning,</span> <span class='ocrx_word' id='word_1_309' title='bbox 755 2969 794 3013; x_wconf 85' lang='lat' dir='ltr'>‘to</span> <span class='ocrx_word' id='word_1_310' title='bbox 805 2964 884 3014; x_wconf 86' lang='lat' dir='ltr'>fasten</span> <span class='ocrx_word' id='word_1_311' title='bbox 894 2966 936 3014; x_wconf 73' lang='lat' dir='ltr'>to.¹</span> 
     </span>
     <span class='ocr_line' id='line_1_38' title="bbox 163 3048 490 3112; baseline 0.009 -15"><span class='ocrx_word' id='word_1_312' title='bbox 163 3048 173 3078; x_wconf 76' lang='lat'><strong>³</strong></span> <span class='ocrx_word' id='word_1_313' title='bbox 186 3049 251 3110; x_wconf 73' lang='lat' dir='ltr'>Qum,-</span> <span class='ocrx_word' id='word_1_314' title='bbox 267 3049 361 3106; x_wconf 82' lang='lat' dir='ltr'>thetis,</span> <span class='ocrx_word' id='word_1_315' title='bbox 376 3053 402 3099; x_wconf 82' lang='lat' dir='ltr'>in</span> <span class='ocrx_word' id='word_1_316' title='bbox 413 3067 490 3112; x_wconf 81' lang='lat' dir='ltr'>quom.</span> 
     </span>
    </p>
   </div>
   <div class='ocr_carea' id='block_1_6' title="bbox 135 3109 1126 3318">
    <p class='ocr_par' dir='ltr' id='par_1_6' title="bbox 135 3109 1126 3318">
     <span class='ocr_line' id='line_1_39' title="bbox 164 3109 1126 3202; baseline 0.004 -14"><span class='ocrx_word' id='word_1_317' title='bbox 164 3141 174 3169; x_wconf 84' lang='lat'><strong>⁴</strong></span> <span class='ocrx_word' id='word_1_318' title='bbox 184 3121 238 3188; x_wconf 86' lang='lat' dir='ltr'>&#39;i&#39;he</span> <span class='ocrx_word' id='word_1_319' title='bbox 250 3149 299 3187; x_wconf 89' lang='lat' dir='ltr'>two</span> <span class='ocrx_word' id='word_1_320' title='bbox 310 3138 390 3187; x_wconf 89' lang='lat' dir='ltr'>words</span> <span class='ocrx_word' id='word_1_321' title='bbox 401 3142 499 3188; x_wconf 71' lang='lat' dir='ltr'>malama</span> <span class='ocrx_word' id='word_1_322' title='bbox 510 3139 555 3188; x_wconf 87' lang='lat' dir='ltr'>and</span> <span class='ocrx_word' id='word_1_323' title='bbox 567 3142 732 3202; x_wconf 80' lang='lat' dir='ltr'>trcrrqoillr&#39;tas</span> <span class='ocrx_word' id='word_1_324' title='bbox 743 3140 841 3200; x_wconf 87' lang='lat' dir='ltr'>explain</span> <span class='ocrx_word' id='word_1_325' title='bbox 848 3140 909 3190; x_wconf 87' lang='lat' dir='ltr'>each</span> <span class='ocrx_word' id='word_1_326' title='bbox 920 3141 1004 3191; x_wconf 89' lang='lat' dir='ltr'>other·</span> <span class='ocrx_word' id='word_1_327' title='bbox 1015 3142 1059 3192; x_wconf 83' lang='lat' dir='ltr'>tiro</span> <span class='ocrx_word' id='word_1_328' title='bbox 1125 3109 1126 3146; x_wconf 81' lang='lat' dir='ltr'>l</span> 
     </span>
     <span class='ocr_line' id='line_1_40' title="bbox 135 3175 1057 3268; baseline 0.004 -20"><span class='ocrx_word' id='word_1_329' title='bbox 135 3198 225 3248; x_wconf 79' lang='lat' dir='ltr'>former</span> <span class='ocrx_word' id='word_1_330' title='bbox 236 3199 286 3268; x_wconf 75' lang='lat' dir='ltr'>(the</span> <span class='ocrx_word' id='word_1_331' title='bbox 298 3197 381 3267; x_wconf 67' lang='lat' dir='ltr'>Greek</span> <span class='ocrx_word' id='word_1_332' title='bbox 392 3202 493 3266; x_wconf 71' lang='lat' dir='ltr'>pataria)</span> <span class='ocrx_word' id='word_1_333' title='bbox 511 3199 583 3261; x_wconf 87' lang='lat' dir='ltr'>being</span> <span class='ocrx_word' id='word_1_334' title='bbox 597 3205 624 3248; x_wconf 84' lang='lat' dir='ltr'>‘a</span> <span class='ocrx_word' id='word_1_335' title='bbox 635 3200 717 3257; x_wconf 87' lang='lat' dir='ltr'>calm,&#39;</span> <span class='ocrx_word' id='word_1_336' title='bbox 730 3200 778 3248; x_wconf 88' lang='lat' dir='ltr'>and</span> <span class='ocrx_word' id='word_1_337' title='bbox 794 3200 836 3249; x_wconf 88' lang='lat' dir='ltr'>the</span> <span class='ocrx_word' id='word_1_338' title='bbox 852 3201 925 3251; x_wconf 88' lang='lat' dir='ltr'>latter</span> <span class='ocrx_word' id='word_1_339' title='bbox 936 3201 979 3252; x_wconf 85' lang='lat' dir='ltr'>the</span> <span class='ocrx_word' id='word_1_340' title='bbox 992 3175 1057 3252; x_wconf 71' lang='lat' dir='ltr'>inlr·</span> 
     </span>
     <span class='ocr_line' id='line_1_41' title="bbox 136 3257 542 3318; baseline -0.002 -9"><span class='ocrx_word' id='word_1_341' title='bbox 136 3274 194 3309; x_wconf 75' lang='lat' dir='ltr'>nese</span> <span class='ocrx_word' id='word_1_342' title='bbox 206 3258 338 3318; x_wconf 81' lang='lat' dir='ltr'>prevarhng</span> <span class='ocrx_word' id='word_1_343' title='bbox 349 3257 436 3317; x_wconf 85' lang='lat' dir='ltr'>durrng</span> <span class='ocrx_word' id='word_1_344' title='bbox 446 3273 461 3305; x_wconf 91' lang='lat' dir='ltr'>a</span> <span class='ocrx_word' id='word_1_345' title='bbox 471 3257 542 3308; x_wconf 86' lang='lat' dir='ltr'>calm.</span> 
     </span>
    </p>
   </div>
   <div class='ocr_carea' id='block_1_7' title="bbox 166 3345 826 3413">
    <p class='ocr_par' dir='ltr' id='par_1_7' title="bbox 166 3345 826 3413">
     <span class='ocr_line' id='line_1_42' title="bbox 166 3345 826 3413; baseline 0.009 -18"><span class='ocrx_word' id='word_1_346' title='bbox 166 3345 250 3396; x_wconf 78' lang='lat' dir='ltr'>⁶That</span> <span class='ocrx_word' id='word_1_347' title='bbox 261 3347 291 3405; x_wconf 88' lang='lat' dir='ltr'>is,</span> <span class='ocrx_word' id='word_1_348' title='bbox 303 3346 365 3397; x_wconf 78' lang='lat' dir='ltr'>from</span> <span class='ocrx_word' id='word_1_349' title='bbox 375 3348 449 3398; x_wconf 87' lang='lat' dir='ltr'>about</span> <span class='ocrx_word' id='word_1_350' title='bbox 460 3358 503 3399; x_wconf 86' lang='lat' dir='ltr'>ten</span> <span class='ocrx_word' id='word_1_351' title='bbox 513 3347 609 3400; x_wconf 84' lang='lat' dir='ltr'>c&#39;cl&#39;ock</span> <span class='ocrx_word' id='word_1_352' title='bbox 619 3349 645 3399; x_wconf 86' lang='lat' dir='ltr'>iu</span> <span class='ocrx_word' id='word_1_353' title='bbox 654 3348 696 3398; x_wconf 87' lang='lat' dir='ltr'>the</span> <span class='ocrx_word' id='word_1_354' title='bbox 706 3350 826 3413; x_wconf 78' lang='lat' dir='ltr'>morning.</span> 
     </span>
    </p>
   </div>
   <div class='ocr_carea' id='block_1_8' title="bbox 0 0 1138 3786">
    <p class='ocr_par' dir='ltr' id='par_1_8' title="bbox 0 0 1138 3786">
     <span class='ocr_line' id='line_1_43' title="bbox 0 0 1138 3786; baseline 0 5"><span class='ocrx_word' id='word_1_355' title='bbox 0 0 1138 3786; x_wconf 95' lang='lat' dir='ltr'> </span> 
     </span>
    </p>
   </div>
  </div>
 </body>
</html>
