2268 3786
159 283 199 346 tt
467 298 507 340 ns
528 295 626 346 succo
646 295 781 338 eunuco.

158 404 324 480 ducerentur,
335 410 457 480 quemvis
468 408 601 462 sedunum
612 425 629 461 u
640 407 736 480 populo
748 407 867 462 Romano
879 407 942 478 peti,
951 423 1037 478 quum
1047 406 1083 464 sb

161 473 204 530 his
215 495 262 547 per
274 480 421 534 cruciatum
433 478 551 548 interfici,
565 479 633 532 inter
643 493 710 547 quos
722 477 851 530 dominari
862 487 1048 546 consuessent.

196 551 237 600 ³2.
256 548 299 601 Ad
312 550 379 604 haec
391 550 488 604 Caesar
505 547 654 618 respondit:
674 564 703 602 ee
715 549 803 616 magis
820 547 1013 608 consuetudine
1026 564 1082 618 sus,

162 632 244 686 quem
260 620 355 673 meritc
373 636 466 674 eorum
479 619 616 672 civitatem
633 625 858 687 conservaturum,
872 617 894 670 si
907 618 987 688 prius,
1000 635 1085 687 quem

161 703 268 740 murum
282 690 352 744 eries
369 689 507 759 attign'sset,
521 704 551 740 se
562 686 742 756 dedidissent,
760 687 808 740 sed
820 686 964 740 deditionis
981 687 1084 744 nullum

162 771 222 808 esse
240 757 425 828 conditionem,
438 759 489 812 nisi
507 757 589 810 armis
607 757 719 812 traditis.
755 757 789 810 Se
806 755 841 827 id,
854 757 924 826 quod
936 759 961 810 iu
975 757 1085 811 Nerviis

162 823 288 896 iecisset,¹
303 827 436 882 sucturum
452 827 627 896 finitimisque
645 827 891 897 imperatorumue
909 843 992 896 quern
1008 826 1084 880 dedi-

162 894 231 948 ticiis
249 897 338 966 populi
353 898 465 952 Romuni
481 896 605 967 injurium
621 896 756 952 inferrent.
791 896 951 950 Renuntiats
968 895 1002 949 cd
1022 912 1085 949 suos

163 980 231 1044 quoe
251 967 448 1047 imperarentur²
464 967 551 1020 locere
569 965 700 1020 dixerunt.
738 968 882 1020 Armorum
898 983 998 1034 msgrru
1013 965 1085 1018 mul-

164 1033 274 1088 titudine
292 1036 326 1089 de
346 1053 421 1090 muro
441 1054 466 1092 in
486 1037 593 1104 fossam,
606 1051 675 1105 quee
695 1044 752 1088 eret
769 1045 831 1088 ente
850 1034 985 1105 oppidum,
1002 1033 1085 1116 jacta,

164 1102 203 1158 sic
221 1114 250 1156 ut
270 1121 349 1176 prope
373 1123 509 1160 summam
530 1105 600 1158 muri
618 1105 784 1176 aggerisque·
802 1104 972 1160 altitudinem
994 1121 1086 1158 accrvi

165 1189 297 1227 errnorum
314 1174 500 1245 adaequarent,
514 1183 541 1228 et
558 1183 649 1228 temen
667 1176 771 1228 circiter
787 1183 861 1244 perte
880 1174 967 1243 tertia,-
977 1183 1006 1228 ut
1026 1191 1086 1244 pos·

166 1253 208 1294 tea
219 1257 390 1322 perspectum
402 1254 450 1315 est,
463 1246 550 1299 celata
561 1253 642 1314 utque
654 1244 680 1298 in
689 1244 786 1315 oppido
798 1252 908 1314 retento,
917 1244 1001 1313 portis
1011 1253 1086 1314 pete·

165 1311 250 1383 facus,
264 1329 295 1366 eo
305 1313 351 1368 die
363 1332 430 1385 pecs
442 1325 501 1371 sunt
513 1314 563 1368 usi.
662 1327 665 1334 ·

199 1385 240 1436 33.
257 1381 312 1438 Sub
323 1401 466 1454 vespemm
474 1385 572 1439 caesur
579 1391 668 1453 portes
678 1382 766 1436 claudi
777 1383 862 1438 milite
895 1399 930 1436 ue
942 1399 977 1436 ex
988 1383 1086 1463 oppido

165 1451 238 1504 exire
253 1451 340 1525 jussit,
361 1471 395 1507 ne
415 1471 497 1525 quem
516 1461 596 1506 noctu
614 1451 739 1523 oppidani
757 1453 793 1507 eb
810 1399 939 1506 milddm
962 1452 1087 1522 iujuriam

164 1521 323 1602 acciperent.
359 1522 401 1577 llli
416 1532 481 1578 ente
499 1523 571 1592 inito,
584 1529 614 1575 ut
633 1522 799 1576 intellectum
816 1531 865 1592 est,
884 1522 1002 1591 consilio,
1016 1539 1053 1620 (pu

165 1590 299 1646 deditione
317 1592 389 1648 secte
406 1603 509 1648 nostros
525 1591 658 1662 praesidis
675 1591 834 1646 deducturos
851 1599 897 1646 eut
907 1591 1027 1661 denique
1049 1609 1087 1646 ru·

165 1659 319 1730 diligentius
335 1672 485 1716 scrvemrcs
498 1661 676 1732 crediderent,
692 1661 790 1741 partim
806 1676 870 1714 cum
889 1660 938 1730 his,
957 1677 1029 1731 quse
1048 1677 1087 1714 re·

166 1729 296 1785 tinuerant
315 1741 342 1785 et
358 1731 519 1802 celaverant,
530 1732 620 1801 ermis,
633 1739 730 1801 perum
748 1729 830 1784 scutis
846 1747 881 1784 ert
897 1729 996 1784 cortice
1007 1729 1088 1784 fectis

164 1807 211 1852 cut
234 1798 379 1855 viminibus
402 1801 516 1871 intextis,
541 1817 609 1870 quse
633 1799 727 1870 subito,
751 1808 781 1854 ut
804 1800 931 1871 temporis
953 1799 1088 1880 exiguitas

165 1867 323 1939 postulebet,
347 1869 463 1940 pellibus
488 1869 653 1950 indupemnt,
679 1869 755 1922 tertie
778 1867 869 1949 vigilie
894 1884 948 1939 qus
974 1869 1088 1948 minime

165 1936 1091 2090 tzilltilllt,”ltltltldlttililtlttllu'ntltdltt

166 2076 1091 2266 {tlttffitdffltttitttlbt'tttitltnittet}

82 2231 84 2236 ¹
185 2230 217 2266 us
234 2213 272 2282 ite
287 2216 383 2270 acriter
400 2226 448 2288 est,
461 2226 490 2270 ut
504 2234 522 2270 a
538 2217 601 2270 viris
619 2216 730 2270 fortibus
746 2217 773 2269 in
791 2225 911 2270 extreme
927 2233 976 2288 spe
995 2215 1092 2270 salutis

168 2283 256 2353 iniquo
267 2284 326 2338 loco
342 2295 433 2342 contre
449 2303 503 2367 eos
516 2288 561 2357 qui
573 2303 608 2340 ex
619 2285 688 2340 vallo
707 2285 871 2356 turribusque
888 2285 944 2339 tels
959 2285 1090 2356 jacerent,

167 2354 277 2423 pugnari
295 2353 396 2426 debuit,
413 2373 477 2410 oum
495 2374 522 2410 ιη
541 2371 595 2410 une
612 2355 709 2409 virtute
719 2355 815 2410 omnis
834 2372 897 2424 spes
915 2355 1010 2410 salutis
1027 2371 1091 2408 con·

167 2422 281 2478 sisteret.
325 2425 426 2480 Occisis
447 2425 492 2478 ed·
515 2426 654 2480 heminum
676 2423 787 2478 milibus
809 2433 920 2494 quatuor
943 2424 1038 2496 reliqui
1060 2423 1093 2478 in

166 2491 295 2562 oppidum
317 2494 408 2565 rejecti
432 2505 501 2550 sunt.
545 2493 674 2548 Postridie
698 2492 756 2564 ejus
778 2493 833 2547 diei
855 2493 976 2548 refractis
998 2493 1091 2566 portis,

166 2577 230 2615 curn
246 2563 303 2633 jam
323 2564 480 2620 defenderet
500 2579 588 2636 nemo,
606 2571 687 2634 etque
705 2563 863 2617 intromissis
880 2563 1010 2618 militibus
1029 2579 1092 2618 uos-

197 2748 262 2798 ¹See
273 2750 342 2810 chup.
353 2754 391 2800 28.

194 2821 271 2870 ’rue
281 2839 313 2891 og
331 2824 423 2872 crhere
439 2823 579 2873 mentioned
589 2823 610 2872 is
620 2822 663 2872 the
673 2821 765 2872 mound
775 2822 930 2874 constructsd
940 2824 974 2884 by
986 2822 1027 2872 the
1038 2821 1092 2873 Ro-

166 2894 249 2988 3⁸3}
258 2881 328 2988 m
338 2883 614 2991 osfeteffi‘ddetdreeibm
624 2882 713 2934 elmost
729 2897 757 2932 os
771 2880 831 2944 high
841 2898 869 2932 cs
879 2882 921 2932 the
931 2881 1022 2932 double
1032 2881 1092 2932 well

197 3025 324 3088 'Denique
333 3027 390 3077 here
401 3028 445 3078 hes
456 3029 498 3078 the
509 3029 623 3092 morning
635 3025 663 3078 os
676 3031 716 3078 ‘et
728 3027 806 3078 leust’
904 3058 906 3063 ·

169 3115 443 3238 sjfffazdelmg'
457 3129 483 3166 to
493 3118 535 3166 tlre
545 3117 626 3168 words
642 3117 739 3181 ὶξνιῶιιι
754 3118 929 3182 rr’gorllcotim
936 3118 1020 3180 fretur
1038 3115 1093 3168 thet

196 3249 258 3297 *As
273 3249 294 3297 is
309 3249 366 3298 here
377 3250 438 3299 used
449 3266 476 3300 ss
487 3265 517 3299 uu
528 3249 626 3309 adverb,
639 3249 690 3301 like
699 3253 799 3310 ander,
812 3249 859 3302 end
874 3249 943 3300 there
954 3250 975 3300 is
986 3263 1018 3300 no
1028 3250 1094 3300 need

169 3305 207 3358 dor
214 3307 338 3370 chetim
345 3311 441 3360 nudor
452 3309 503 3359 into
512 3311 586 3360 mitte
