<?xml version="1.0" encoding="UTF-8"?>
<!DOCTYPE html PUBLIC "-//W3C//DTD XHTML 1.0 Transitional//EN"
    "http://www.w3.org/TR/xhtml1/DTD/xhtml1-transitional.dtd">
<html xmlns="http://www.w3.org/1999/xhtml" xml:lang="en" lang="en">
 <head>
  <title>
</title>
<meta http-equiv="Content-Type" content="text/html;charset=utf-8" />
  <meta name='ocr-system' content='tesseract 3.04.00' />
  <meta name='ocr-capabilities' content='ocr_page ocr_carea ocr_par ocr_line ocrx_word'/>
</head>
<body>
  <div class='ocr_page' id='page_1' title='image "./cjuliicaesarisc00zumpgoog_0065.png"; bbox 0 0 2304 3792; ppageno 0'>
   <div class='ocr_carea' id='block_1_1' title="bbox 154 274 771 338">
    <p class='ocr_par' dir='ltr' id='par_1_1' title="bbox 154 274 771 338">
     <span class='ocr_line' id='line_1_1' title="bbox 154 274 771 338; baseline 0.003 -2"><span class='ocrx_word' id='word_1_1' title='bbox 154 274 196 336; x_wconf 79' lang='grc'>50</span> <span class='ocrx_word' id='word_1_2' title='bbox 457 291 498 334; x_wconf 81' lang='lat' dir='ltr'>us</span> <span class='ocrx_word' id='word_1_3' title='bbox 518 293 615 336; x_wconf 77' lang='lat' dir='ltr'>senso</span> <span class='ocrx_word' id='word_1_4' title='bbox 636 293 771 338; x_wconf 79' lang='lat' dir='ltr'>oscurcc.</span> 
     </span>
    </p>
   </div>
   <div class='ocr_carea' id='block_1_2' title="bbox 154 401 1136 734">
    <p class='ocr_par' dir='ltr' id='par_1_2' title="bbox 154 401 1136 734">
     <span class='ocr_line' id='line_1_2' title="bbox 155 401 1136 472; baseline 0.002 -15"><span class='ocrx_word' id='word_1_5' title='bbox 155 411 212 457; x_wconf 86' lang='lat' dir='ltr'>tatu</span> <span class='ocrx_word' id='word_1_6' title='bbox 224 402 340 458; x_wconf 86' lang='lat' dir='ltr'>veniret:</span> <span class='ocrx_word' id='word_1_7' title='bbox 358 402 412 458; x_wconf 80' lang='lat' dir='ltr'>slis</span> <span class='ocrx_word' id='word_1_8' title='bbox 430 403 530 458; x_wconf 81' lang='lat' dir='ltr'>ratione</span> <span class='ocrx_word' id='word_1_9' title='bbox 549 419 609 456; x_wconf 83' lang='lat' dir='ltr'>sese</span> <span class='ocrx_word' id='word_1_10' title='bbox 628 419 679 456; x_wconf 89' lang='lat' dir='ltr'>non</span> <span class='ocrx_word' id='word_1_11' title='bbox 699 420 760 456; x_wconf 84' lang='lat' dir='ltr'>esse</span> <span class='ocrx_word' id='word_1_12' title='bbox 781 410 931 458; x_wconf 86' lang='lat' dir='ltr'>ventorum.</span> <span class='ocrx_word' id='word_1_13' title='bbox 968 401 1077 472; x_wconf 65' lang='lat' dir='ltr'>Caenr,</span> <span class='ocrx_word' id='word_1_14' title='bbox 1135 441 1136 446; x_wconf 22' lang='grc' dir='ltr'><strong>κ</strong></span> 
     </span>
     <span class='ocr_line' id='line_1_3' title="bbox 154 471 1136 543; baseline 0 -17"><span class='ocrx_word' id='word_1_15' title='bbox 154 472 226 543; x_wconf 91' lang='lat' dir='ltr'>quod</span> <span class='ocrx_word' id='word_1_16' title='bbox 238 490 327 542; x_wconf 88' lang='lat' dir='ltr'>neque</span> <span class='ocrx_word' id='word_1_17' title='bbox 345 473 506 542; x_wconf 79' lang='lat' dir='ltr'><strong>colloquium</strong></span> <span class='ocrx_word' id='word_1_18' title='bbox 525 474 678 542; x_wconf 83' lang='lat' dir='ltr'>interposito</span> <span class='ocrx_word' id='word_1_19' title='bbox 694 490 777 526; x_wconf 85' lang='lat' dir='ltr'>causa</span> <span class='ocrx_word' id='word_1_20' title='bbox 794 472 848 525; x_wconf 92' lang='lat' dir='ltr'>tolli</span> <span class='ocrx_word' id='word_1_21' title='bbox 861 471 968 526; x_wconf 84' lang='lat' dir='ltr'>volebat</span> <span class='ocrx_word' id='word_1_22' title='bbox 986 489 1078 542; x_wconf 90' lang='lat' dir='ltr'>neque</span> <span class='ocrx_word' id='word_1_23' title='bbox 1135 485 1136 488; x_wconf 77' lang='grc'>’</span> 
     </span>
     <span class='ocr_line' id='line_1_4' title="bbox 155 541 1136 612; baseline 0.001 -19"><span class='ocrx_word' id='word_1_24' title='bbox 155 542 269 596; x_wconf 81' lang='lat' dir='ltr'>sulutem</span> <span class='ocrx_word' id='word_1_25' title='bbox 279 560 356 597; x_wconf 82' lang='lat' dir='ltr'>suom</span> <span class='ocrx_word' id='word_1_26' title='bbox 365 542 640 612; x_wconf 87' lang='lat' dir='ltr'>Gallorumequitatui</span> <span class='ocrx_word' id='word_1_27' title='bbox 649 543 814 596; x_wconf 87' lang='lat' dir='ltr'>committere</span> <span class='ocrx_word' id='word_1_28' title='bbox 823 541 947 612; x_wconf 77' lang='lat' dir='ltr'>audebat,</span> <span class='ocrx_word' id='word_1_29' title='bbox 957 559 1078 596; x_wconf 90' lang='lat' dir='ltr'>commo·</span> <span class='ocrx_word' id='word_1_30' title='bbox 1135 561 1136 584; x_wconf 60' lang='lat'><em>³</em></span> 
     </span>
     <span class='ocr_line' id='line_1_5' title="bbox 155 611 1136 734; baseline 0 -70"><span class='ocrx_word' id='word_1_31' title='bbox 155 611 297 666; x_wconf 86' lang='lat' dir='ltr'>dissimum</span> <span class='ocrx_word' id='word_1_32' title='bbox 310 630 369 666; x_wconf 88' lang='lat' dir='ltr'>esse</span> <span class='ocrx_word' id='word_1_33' title='bbox 382 614 473 666; x_wconf 79' lang='lat' dir='ltr'>statuit</span> <span class='ocrx_word' id='word_1_34' title='bbox 484 612 609 666; x_wconf 88' lang='lat' dir='ltr'>omnibus</span> <span class='ocrx_word' id='word_1_35' title='bbox 620 613 697 734; x_wconf 57' lang='lat' dir='ltr'>spuis</span> <span class='ocrx_word' id='word_1_36' title='bbox 708 611 792 666; x_wconf 87' lang='lat' dir='ltr'>Gallis</span> <span class='ocrx_word' id='word_1_37' title='bbox 804 611 939 691; x_wconf 82' lang='lat' dir='ltr'>equitibus</span> <span class='ocrx_word' id='word_1_38' title='bbox 948 612 1078 665; x_wconf 86' lang='lat' dir='ltr'>detractis</span> <span class='ocrx_word' id='word_1_39' title='bbox 1135 633 1136 654; x_wconf 59' lang='lat' dir='ltr'>r</span> 
     </span>
    </p>
   </div>
   <div class='ocr_carea' id='block_1_3' title="bbox 155 681 620 752">
    <p class='ocr_par' dir='ltr' id='par_1_3' title="bbox 155 681 620 752">
     <span class='ocr_line' id='line_1_6' title="bbox 155 681 620 752; baseline 0 -18"><span class='ocrx_word' id='word_1_40' title='bbox 155 683 196 734; x_wconf 90' lang='lat' dir='ltr'>eo¹</span> <span class='ocrx_word' id='word_1_41' title='bbox 216 681 371 752; x_wconf 79' lang='lat' dir='ltr'>legionarios</span> <span class='ocrx_word' id='word_1_42' title='bbox 391 681 490 736; x_wconf 81' lang='lat' dir='ltr'>milites</span> <span class='ocrx_word' id='word_1_43' title='bbox 509 682 620 750; x_wconf 81' lang='lat' dir='ltr'><strong>legionis</strong></span> 
     </span>
    </p>
   </div>
   <div class='ocr_carea' id='block_1_4' title="bbox 155 747 1136 874">
    <p class='ocr_par' dir='ltr' id='par_1_4' title="bbox 155 747 1136 874">
     <span class='ocr_line' id='line_1_7' title="bbox 155 747 1136 874; baseline 0 -70"><span class='ocrx_word' id='word_1_44' title='bbox 155 747 468 822; x_wconf 57' lang='lat' dir='ltr'>confidebatfimponere,</span> <span class='ocrx_word' id='word_1_45' title='bbox 489 760 519 805; x_wconf 93' lang='lat' dir='ltr'>ut</span> <span class='ocrx_word' id='word_1_46' title='bbox 539 751 700 874; x_wconf 76' lang='lat' dir='ltr'>praesidium</span> <span class='ocrx_word' id='word_1_47' title='bbox 722 768 804 820; x_wconf 73' lang='lat' dir='ltr'>quem</span> <span class='ocrx_word' id='word_1_48' title='bbox 827 767 1031 818; x_wconf 77' lang='lat' dir='ltr'>amicissimum,</span> <span class='ocrx_word' id='word_1_49' title='bbox 1052 768 1078 804; x_wconf 85' lang='lat' dir='ltr'>sr</span> <span class='ocrx_word' id='word_1_50' title='bbox 1135 757 1136 810; x_wconf 79' lang='lat' dir='ltr'>l</span> 
     </span>
    </p>
   </div>
   <div class='ocr_carea' id='block_1_5' title="bbox 150 819 1078 2423">
    <p class='ocr_par' dir='ltr' id='par_1_5' title="bbox 154 819 1078 1152">
     <span class='ocr_line' id='line_1_8' title="bbox 154 819 1077 891; baseline -0.001 -17"><span class='ocrx_word' id='word_1_51' title='bbox 154 821 219 890; x_wconf 83' lang='lat' dir='ltr'>quid</span> <span class='ocrx_word' id='word_1_52' title='bbox 237 837 304 890; x_wconf 87' lang='lat' dir='ltr'>opus</span> <span class='ocrx_word' id='word_1_53' title='bbox 321 823 391 876; x_wconf 80' lang='lat' dir='ltr'>fecto</span> <span class='ocrx_word' id='word_1_54' title='bbox 409 829 488 889; x_wconf 85' lang='lat' dir='ltr'>esset,</span> <span class='ocrx_word' id='word_1_55' title='bbox 502 821 537 874; x_wconf 86' lang='lat' dir='ltr'>ha</span> <span class='ocrx_word' id='word_1_56' title='bbox 556 829 621 874; x_wconf 87' lang='lat' dir='ltr'>eret.</span> <span class='ocrx_word' id='word_1_57' title='bbox 657 820 734 879; x_wconf 83' lang='lat' dir='ltr'>Quod</span> <span class='ocrx_word' id='word_1_58' title='bbox 749 838 812 874; x_wconf 89' lang='lat' dir='ltr'>cum</span> <span class='ocrx_word' id='word_1_59' title='bbox 830 821 914 891; x_wconf 85' lang='lat' dir='ltr'>fieret,</span> <span class='ocrx_word' id='word_1_60' title='bbox 928 837 980 872; x_wconf 89' lang='lat' dir='ltr'>non</span> <span class='ocrx_word' id='word_1_61' title='bbox 992 819 1077 873; x_wconf 90' lang='lat' dir='ltr'>irridi-</span> 
     </span>
     <span class='ocr_line' id='line_1_9' title="bbox 154 889 1077 969; baseline -0.001 -26"><span class='ocrx_word' id='word_1_62' title='bbox 154 890 214 944; x_wconf 89' lang='lat' dir='ltr'>oule</span> <span class='ocrx_word' id='word_1_63' title='bbox 227 891 336 960; x_wconf 84' lang='lat' dir='ltr'>quidam</span> <span class='ocrx_word' id='word_1_64' title='bbox 349 908 382 944; x_wconf 82' lang='lat' dir='ltr'>ex</span> <span class='ocrx_word' id='word_1_65' title='bbox 397 890 527 944; x_wconf 80' lang='lat' dir='ltr'>militibus</span> <span class='ocrx_word' id='word_1_66' title='bbox 544 890 666 944; x_wconf 84' lang='lat' dir='ltr'>decimae</span> <span class='ocrx_word' id='word_1_67' title='bbox 684 889 794 958; x_wconf 80' lang='lat' dir='ltr'>legionis</span> <span class='ocrx_word' id='word_1_68' title='bbox 811 890 891 943; x_wconf 84' lang='lat' dir='ltr'>dixit:</span> <span class='ocrx_word' id='word_1_69' title='bbox 911 889 979 969; x_wconf 86' lang='lat' dir='ltr'>plus,</span> <span class='ocrx_word' id='word_1_70' title='bbox 992 905 1077 958; x_wconf 80' lang='lat' dir='ltr'>quem</span> 
     </span>
     <span class='ocr_line' id='line_1_10' title="bbox 154 957 1078 1030; baseline 0 -18"><span class='ocrx_word' id='word_1_71' title='bbox 154 960 289 1030; x_wconf 76' lang='lat' dir='ltr'>pollicitus</span> <span class='ocrx_word' id='word_1_72' title='bbox 306 969 386 1028; x_wconf 90' lang='lat' dir='ltr'>esset,</span> <span class='ocrx_word' id='word_1_73' title='bbox 407 960 550 1014; x_wconf 76' lang='lat' dir='ltr'>Caesarem</span> <span class='ocrx_word' id='word_1_74' title='bbox 569 958 674 1014; x_wconf 80' lang='lat' dir='ltr'>facero:</span> <span class='ocrx_word' id='word_1_75' title='bbox 732 960 844 1014; x_wconf 89' lang='lat' dir='ltr'>llicitum</span> <span class='ocrx_word' id='word_1_76' title='bbox 863 977 893 1014; x_wconf 89' lang='lat' dir='ltr'>se</span> <span class='ocrx_word' id='word_1_77' title='bbox 912 977 940 1012; x_wconf 87' lang='lat' dir='ltr'>rn</span> <span class='ocrx_word' id='word_1_78' title='bbox 960 957 1078 1012; x_wconf 79' lang='lat' dir='ltr'>cohortis</span> 
     </span>
     <span class='ocr_line' id='line_1_11' title="bbox 154 977 1078 1152; baseline 0 -71"><span class='ocrx_word' id='word_1_79' title='bbox 154 1029 300 1152; x_wconf 48' lang='lat' dir='ltr'>preponis-p</span> <span class='ocrx_word' id='word_1_80' title='bbox 319 1030 375 1084; x_wconf 92' lang='lat' dir='ltr'>loco</span> <span class='ocrx_word' id='word_1_81' title='bbox 393 1028 528 1085; x_wconf 82' lang='lat' dir='ltr'>decimam</span> <span class='ocrx_word' id='word_1_82' title='bbox 546 1028 679 1098; x_wconf 81' lang='lat' dir='ltr'>legionem</span> <span class='ocrx_word' id='word_1_83' title='bbox 696 977 850 1084; x_wconf 68' lang='lat' dir='ltr'>hiibiturum</span> <span class='ocrx_word' id='word_1_84' title='bbox 867 1027 902 1082; x_wconf 87' lang='lat' dir='ltr'>ad</span> <span class='ocrx_word' id='word_1_85' title='bbox 921 1045 1024 1098; x_wconf 87' lang='lat' dir='ltr'>equum</span> <span class='ocrx_word' id='word_1_86' title='bbox 1035 1045 1078 1080; x_wconf 90' lang='lat' dir='ltr'>re-</span> 
     </span>
     <span class='ocr_line' id='line_1_12' title="bbox 155 1116 280 1152; baseline 0 0"><span class='ocrx_word' id='word_1_87' title='bbox 155 1116 205 1152; x_wconf 87' lang='lat' dir='ltr'>scrr</span> <span class='ocrx_word' id='word_1_88' title='bbox 226 1117 280 1152; x_wconf 88' lang='lat' dir='ltr'>ere.</span> 
     </span>
    </p>

    <p class='ocr_par' dir='ltr' id='par_1_6' title="bbox 150 1166 1078 2423">
     <span class='ocr_line' id='line_1_13' title="bbox 189 1166 1078 1237; baseline -0.002 -15"><span class='ocrx_word' id='word_1_89' title='bbox 189 1173 229 1222; x_wconf 83' lang='lat'>43.</span> <span class='ocrx_word' id='word_1_90' title='bbox 250 1169 376 1223; x_wconf 78' lang='lat' dir='ltr'>Planities</span> <span class='ocrx_word' id='word_1_91' title='bbox 395 1177 458 1222; x_wconf 40' lang='lat' dir='ltr'>eret*</span> <span class='ocrx_word' id='word_1_92' title='bbox 471 1185 568 1237; x_wconf 82' lang='lat' dir='ltr'>magna</span> <span class='ocrx_word' id='word_1_93' title='bbox 587 1177 614 1221; x_wconf 90' lang='lat' dir='ltr'>et</span> <span class='ocrx_word' id='word_1_94' title='bbox 633 1168 660 1222; x_wconf 88' lang='lat' dir='ltr'>in</span> <span class='ocrx_word' id='word_1_95' title='bbox 678 1185 712 1222; x_wconf 91' lang='lat' dir='ltr'>ea</span> <span class='ocrx_word' id='word_1_96' title='bbox 731 1167 850 1222; x_wconf 83' lang='lat' dir='ltr'>tumulus</span> <span class='ocrx_word' id='word_1_97' title='bbox 870 1175 991 1220; x_wconf 89' lang='lat' dir='ltr'>terrenus</span> <span class='ocrx_word' id='word_1_98' title='bbox 1011 1166 1078 1220; x_wconf 87' lang='lat' dir='ltr'>satis</span> 
     </span>
     <span class='ocr_line' id='line_1_14' title="bbox 154 1235 1078 1308; baseline -0.002 -18"><span class='ocrx_word' id='word_1_99' title='bbox 154 1237 269 1305; x_wconf 80' lang='lat' dir='ltr'>grandis.</span> <span class='ocrx_word' id='word_1_100' title='bbox 306 1239 355 1292; x_wconf 90' lang='lat' dir='ltr'>Hic</span> <span class='ocrx_word' id='word_1_101' title='bbox 372 1239 446 1292; x_wconf 90' lang='lat' dir='ltr'>locus</span> <span class='ocrx_word' id='word_1_102' title='bbox 463 1254 549 1307; x_wconf 85' lang='lat' dir='ltr'>aequo</span> <span class='ocrx_word' id='word_1_103' title='bbox 567 1237 623 1292; x_wconf 82' lang='lat' dir='ltr'>sere</span> <span class='ocrx_word' id='word_1_104' title='bbox 641 1237 725 1308; x_wconf 81' lang='lat' dir='ltr'>spatio</span> <span class='ocrx_word' id='word_1_105' title='bbox 742 1238 777 1291; x_wconf 83' lang='lat' dir='ltr'>ab</span> <span class='ocrx_word' id='word_1_106' title='bbox 794 1238 888 1290; x_wconf 87' lang='lat' dir='ltr'>eastris</span> <span class='ocrx_word' id='word_1_107' title='bbox 905 1235 1034 1291; x_wconf 87' lang='lat' dir='ltr'>Ariovisti</span> <span class='ocrx_word' id='word_1_108' title='bbox 1048 1244 1078 1290; x_wconf 90' lang='lat' dir='ltr'>et</span> 
     </span>
     <span class='ocr_line' id='line_1_15' title="bbox 155 1307 1076 1378; baseline -0.001 -19"><span class='ocrx_word' id='word_1_109' title='bbox 155 1308 276 1362; x_wconf 74' lang='lat' dir='ltr'>Caesaris</span> <span class='ocrx_word' id='word_1_110' title='bbox 286 1309 387 1364; x_wconf 79' lang='lat' dir='ltr'>aberet.</span> <span class='ocrx_word' id='word_1_111' title='bbox 419 1309 465 1378; x_wconf 85' lang='lat' dir='ltr'>Eo,</span> <span class='ocrx_word' id='word_1_112' title='bbox 477 1317 506 1360; x_wconf 91' lang='lat' dir='ltr'>ut</span> <span class='ocrx_word' id='word_1_113' title='bbox 518 1315 573 1360; x_wconf 89' lang='lat' dir='ltr'>erat</span> <span class='ocrx_word' id='word_1_114' title='bbox 585 1308 705 1375; x_wconf 79' lang='lat' dir='ltr'>dictum,¹</span> <span class='ocrx_word' id='word_1_115' title='bbox 713 1307 747 1360; x_wconf 83' lang='lat' dir='ltr'>ad</span> <span class='ocrx_word' id='word_1_116' title='bbox 760 1307 921 1376; x_wconf 90' lang='lat' dir='ltr'>colloquium</span> <span class='ocrx_word' id='word_1_117' title='bbox 933 1315 1076 1358; x_wconf 83' lang='lat' dir='ltr'>venerunt.</span> 
     </span>
     <span class='ocr_line' id='line_1_16' title="bbox 154 1373 1078 1447; baseline 0 -17"><span class='ocrx_word' id='word_1_118' title='bbox 154 1377 299 1446; x_wconf 80' lang='lat' dir='ltr'>Legionem</span> <span class='ocrx_word' id='word_1_119' title='bbox 311 1379 416 1446; x_wconf 83' lang='lat' dir='ltr'>Caesar,</span> <span class='ocrx_word' id='word_1_120' title='bbox 426 1394 508 1447; x_wconf 82' lang='lat' dir='ltr'>quem</span> <span class='ocrx_word' id='word_1_121' title='bbox 521 1378 597 1446; x_wconf 88' lang='lat' dir='ltr'>equis</span> <span class='ocrx_word' id='word_1_122' title='bbox 605 1377 757 1447; x_wconf 82' lang='lat' dir='ltr'>derexerat,</span> <span class='ocrx_word' id='word_1_123' title='bbox 768 1375 892 1446; x_wconf 83' lang='lat' dir='ltr'>passibus</span> <span class='ocrx_word' id='word_1_124' title='bbox 902 1373 1029 1429; x_wconf 90' lang='lat' dir='ltr'>ducentis</span> <span class='ocrx_word' id='word_1_125' title='bbox 1040 1375 1078 1430; x_wconf 88' lang='lat' dir='ltr'>ah</span> 
     </span>
     <span class='ocr_line' id='line_1_17' title="bbox 154 1443 1076 1516; baseline -0.002 -16"><span class='ocrx_word' id='word_1_126' title='bbox 154 1463 186 1500; x_wconf 90' lang='lat' dir='ltr'>eo</span> <span class='ocrx_word' id='word_1_127' title='bbox 206 1447 307 1502; x_wconf 89' lang='lat' dir='ltr'>tumulo</span> <span class='ocrx_word' id='word_1_128' title='bbox 327 1447 469 1502; x_wconf 89' lang='lat' dir='ltr'>constituit.</span> <span class='ocrx_word' id='word_1_129' title='bbox 505 1448 574 1500; x_wconf 88' lang='lat' dir='ltr'>Item</span> <span class='ocrx_word' id='word_1_130' title='bbox 594 1447 699 1516; x_wconf 87' lang='lat' dir='ltr'>equites</span> <span class='ocrx_word' id='word_1_131' title='bbox 716 1445 839 1500; x_wconf 87' lang='lat' dir='ltr'>Ariovisti</span> <span class='ocrx_word' id='word_1_132' title='bbox 858 1445 913 1516; x_wconf 90' lang='lat' dir='ltr'>pari</span> <span class='ocrx_word' id='word_1_133' title='bbox 934 1443 1076 1498; x_wconf 85' lang='lat' dir='ltr'>intervallo</span> 
     </span>
     <span class='ocr_line' id='line_1_18' title="bbox 154 1516 1076 1638; baseline -0.007 -66"><span class='ocrx_word' id='word_1_134' title='bbox 154 1519 336 1572; x_wconf 88' lang='lat' dir='ltr'>constiterunt.</span> <span class='ocrx_word' id='word_1_135' title='bbox 367 1517 515 1572; x_wconf 76' lang='lat' dir='ltr'>Ariovistus</span> <span class='ocrx_word' id='word_1_136' title='bbox 527 1516 569 1570; x_wconf 70' lang='lat' dir='ltr'>err*</span> <span class='ocrx_word' id='word_1_137' title='bbox 577 1517 655 1586; x_wconf 89' lang='lat' dir='ltr'>equis</span> <span class='ocrx_word' id='word_1_138' title='bbox 666 1524 695 1570; x_wconf 84' lang='lat' dir='ltr'>ut</span> <span class='ocrx_word' id='word_1_139' title='bbox 707 1516 917 1585; x_wconf 88' lang='lat' dir='ltr'>colloquerentur</span> <span class='ocrx_word' id='word_1_140' title='bbox 930 1523 958 1566; x_wconf 89' lang='lat' dir='ltr'>et</span> <span class='ocrx_word' id='word_1_141' title='bbox 970 1523 1076 1638; x_wconf 55' lang='lat' dir='ltr'>plraeter</span> 
     </span>
     <span class='ocr_line' id='line_1_19' title="bbox 154 1583 1076 1655; baseline -0.004 -15"><span class='ocrx_word' id='word_1_142' title='bbox 154 1605 183 1640; x_wconf 92' lang='lat' dir='ltr'>se</span> <span class='ocrx_word' id='word_1_143' title='bbox 204 1587 288 1641; x_wconf 92' lang='lat' dir='ltr'>denos</span> <span class='ocrx_word' id='word_1_144' title='bbox 305 1597 334 1642; x_wconf 89' lang='lat' dir='ltr'>nt</span> <span class='ocrx_word' id='word_1_145' title='bbox 351 1587 386 1640; x_wconf 81' lang='lat' dir='ltr'>ed</span> <span class='ocrx_word' id='word_1_146' title='bbox 404 1586 566 1655; x_wconf 86' lang='lat' dir='ltr'>colloquium</span> <span class='ocrx_word' id='word_1_147' title='bbox 583 1587 755 1655; x_wconf 73' lang='lat' dir='ltr'>adducerent,</span> <span class='ocrx_word' id='word_1_148' title='bbox 774 1583 926 1654; x_wconf 88' lang='lat' dir='ltr'>postulavit.</span> <span class='ocrx_word' id='word_1_149' title='bbox 998 1583 1025 1637; x_wconf 93' lang='lat' dir='ltr'>hi</span> <span class='ocrx_word' id='word_1_150' title='bbox 1042 1599 1076 1636; x_wconf 85' lang='lat' dir='ltr'>eo</span> 
     </span>
     <span class='ocr_line' id='line_1_20' title="bbox 152 1653 1076 1726; baseline -0.005 -16"><span class='ocrx_word' id='word_1_151' title='bbox 152 1666 263 1712; x_wconf 85' lang='lat' dir='ltr'>ventum</span> <span class='ocrx_word' id='word_1_152' title='bbox 285 1667 332 1726; x_wconf 85' lang='lat' dir='ltr'>est,</span> <span class='ocrx_word' id='word_1_153' title='bbox 354 1658 451 1710; x_wconf 82' lang='lat' dir='ltr'>Caesar</span> <span class='ocrx_word' id='word_1_154' title='bbox 470 1655 543 1708; x_wconf 90' lang='lat' dir='ltr'>initio</span> <span class='ocrx_word' id='word_1_155' title='bbox 566 1655 691 1710; x_wconf 85' lang='lat' dir='ltr'>orationis</span> <span class='ocrx_word' id='word_1_156' title='bbox 710 1673 759 1710; x_wconf 85' lang='lat' dir='ltr'>sua</span> <span class='ocrx_word' id='word_1_157' title='bbox 779 1663 940 1723; x_wconf 77' lang='lat' dir='ltr'>senatusque</span> <span class='ocrx_word' id='word_1_158' title='bbox 962 1653 989 1706; x_wconf 91' lang='lat' dir='ltr'>in</span> <span class='ocrx_word' id='word_1_159' title='bbox 1010 1669 1076 1706; x_wconf 88' lang='lat' dir='ltr'>eum</span> 
     </span>
     <span class='ocr_line' id='line_1_21' title="bbox 152 1724 1074 1796; baseline -0.005 -16"><span class='ocrx_word' id='word_1_160' title='bbox 152 1725 284 1780; x_wconf 85' lang='lat' dir='ltr'>beneficia</span> <span class='ocrx_word' id='word_1_161' title='bbox 302 1724 527 1792; x_wconf 87' lang='lat' dir='ltr'>commemoravit,</span> <span class='ocrx_word' id='word_1_162' title='bbox 540 1725 610 1793; x_wconf 91' lang='lat' dir='ltr'>quod</span> <span class='ocrx_word' id='word_1_163' title='bbox 625 1743 671 1778; x_wconf 87' lang='lat' dir='ltr'>rex</span> <span class='ocrx_word' id='word_1_164' title='bbox 688 1725 838 1796; x_wconf 78' lang='lat' dir='ltr'>appellatus</span> <span class='ocrx_word' id='word_1_165' title='bbox 856 1731 927 1777; x_wconf 87' lang='lat' dir='ltr'>esset</span> <span class='ocrx_word' id='word_1_166' title='bbox 939 1739 955 1776; x_wconf 89' lang='lat' dir='ltr'>a</span> <span class='ocrx_word' id='word_1_167' title='bbox 968 1732 1074 1792; x_wconf 85' lang='lat' dir='ltr'>senatu,</span> 
     </span>
     <span class='ocr_line' id='line_1_22' title="bbox 152 1793 1076 1865; baseline -0.002 -17"><span class='ocrx_word' id='word_1_168' title='bbox 152 1795 222 1865; x_wconf 91' lang='lat' dir='ltr'>quod</span> <span class='ocrx_word' id='word_1_169' title='bbox 235 1795 345 1865; x_wconf 82' lang='lat' dir='ltr'>amicus,</span> <span class='ocrx_word' id='word_1_170' title='bbox 359 1793 430 1864; x_wconf 89' lang='lat' dir='ltr'>qnod</span> <span class='ocrx_word' id='word_1_171' title='bbox 442 1796 564 1848; x_wconf 75' lang='lat' dir='ltr'>munerer‘</span> <span class='ocrx_word' id='word_1_172' title='bbox 575 1795 740 1864; x_wconf 78' lang='lat' dir='ltr'>amplissime</span> <span class='ocrx_word' id='word_1_173' title='bbox 759 1795 856 1860; x_wconf 75' lang='lat' dir='ltr'>missa3</span> <span class='ocrx_word' id='word_1_174' title='bbox 875 1809 956 1862; x_wconf 90' lang='lat' dir='ltr'>quarn</span> <span class='ocrx_word' id='word_1_175' title='bbox 976 1807 1035 1846; x_wconf 88' lang='lat' dir='ltr'>rem</span> <span class='ocrx_word' id='word_1_176' title='bbox 1046 1801 1076 1846; x_wconf 90' lang='lat' dir='ltr'>et</span> 
     </span>
     <span class='ocr_line' id='line_1_23' title="bbox 151 1861 1075 1934; baseline -0.001 -18"><span class='ocrx_word' id='word_1_177' title='bbox 151 1865 246 1934; x_wconf 78' lang='lat' dir='ltr'>paucis</span> <span class='ocrx_word' id='word_1_178' title='bbox 261 1865 406 1934; x_wconf 80' lang='lat' dir='ltr'>contigisse</span> <span class='ocrx_word' id='word_1_179' title='bbox 424 1871 451 1917; x_wconf 88' lang='lat' dir='ltr'>et</span> <span class='ocrx_word' id='word_1_180' title='bbox 468 1881 514 1934; x_wconf 93' lang='lat' dir='ltr'>prc</span> <span class='ocrx_word' id='word_1_181' title='bbox 532 1865 637 1933; x_wconf 82' lang='lat' dir='ltr'>magnis</span> <span class='ocrx_word' id='word_1_182' title='bbox 655 1865 794 1920; x_wconf 87' lang='lat' dir='ltr'>hominum</span> <span class='ocrx_word' id='word_1_183' title='bbox 812 1861 908 1916; x_wconf 88' lang='lat' dir='ltr'>officiis</span> <span class='ocrx_word' id='word_1_184' title='bbox 928 1878 1075 1916; x_wconf 84' lang='lat' dir='ltr'>consuesse</span> 
     </span>
     <span class='ocr_line' id='line_1_24' title="bbox 154 1933 1074 2003; baseline 0 -17"><span class='ocrx_word' id='word_1_185' title='bbox 154 1933 231 1986; x_wconf 88' lang='lat' dir='ltr'>tribui</span> <span class='ocrx_word' id='word_1_186' title='bbox 241 1933 369 2001; x_wconf 84' lang='lat' dir='ltr'>docehat;</span> <span class='ocrx_word' id='word_1_187' title='bbox 383 1933 466 2003; x_wconf 85' lang='lat' dir='ltr'>illum,</span> <span class='ocrx_word' id='word_1_188' title='bbox 476 1951 539 1988; x_wconf 90' lang='lat' dir='ltr'>cum</span> <span class='ocrx_word' id='word_1_189' title='bbox 548 1951 636 2003; x_wconf 88' lang='lat' dir='ltr'>nequo</span> <span class='ocrx_word' id='word_1_190' title='bbox 645 1935 757 1988; x_wconf 81' lang='lat' dir='ltr'>aditum⁸</span> <span class='ocrx_word' id='word_1_191' title='bbox 765 1949 852 2002; x_wconf 88' lang='lat' dir='ltr'>neque</span> <span class='ocrx_word' id='word_1_192' title='bbox 864 1949 975 1986; x_wconf 81' lang='lat' dir='ltr'>causam</span> <span class='ocrx_word' id='word_1_193' title='bbox 983 1939 1074 2002; x_wconf 90' lang='lat' dir='ltr'>postu·</span> 
     </span>
     <span class='ocr_line' id='line_1_25' title="bbox 152 2001 1075 2074; baseline -0.001 -18"><span class='ocrx_word' id='word_1_194' title='bbox 152 2001 225 2056; x_wconf 82' lang='lat' dir='ltr'>laudi</span> <span class='ocrx_word' id='word_1_195' title='bbox 232 2001 335 2072; x_wconf 83' lang='lat' dir='ltr'>justam</span> <span class='ocrx_word' id='word_1_196' title='bbox 342 2003 462 2074; x_wconf 76' lang='lat' dir='ltr'>haberet,</span> <span class='ocrx_word' id='word_1_197' title='bbox 471 2003 601 2057; x_wconf 87' lang='lat' dir='ltr'>beneficio</span> <span class='ocrx_word' id='word_1_198' title='bbox 609 2021 642 2057; x_wconf 84' lang='lat' dir='ltr'>ac</span> <span class='ocrx_word' id='word_1_199' title='bbox 650 2003 806 2059; x_wconf 84' lang='lat' dir='ltr'>liberalitate</span> <span class='ocrx_word' id='word_1_200' title='bbox 815 2019 864 2056; x_wconf 83' lang='lat' dir='ltr'>sua</span> <span class='ocrx_word' id='word_1_201' title='bbox 875 2019 907 2054; x_wconf 92' lang='lat' dir='ltr'>ac</span> <span class='ocrx_word' id='word_1_202' title='bbox 920 2012 1031 2055; x_wconf 83' lang='lat' dir='ltr'>senatus</span> <span class='ocrx_word' id='word_1_203' title='bbox 1039 2017 1075 2055; x_wconf 89' lang='lat' dir='ltr'>ea</span> 
     </span>
     <span class='ocr_line' id='line_1_26' title="bbox 151 2073 1074 2152; baseline 0 -28"><span class='ocrx_word' id='word_1_204' title='bbox 151 2073 270 2152; x_wconf 85' lang='lat' dir='ltr'>praemia</span> <span class='ocrx_word' id='word_1_205' title='bbox 283 2082 466 2128; x_wconf 84' lang='lat' dir='ltr'>consecutum.</span> <span class='ocrx_word' id='word_1_206' title='bbox 497 2073 615 2127; x_wconf 86' lang='lat' dir='ltr'>Docebat</span> <span class='ocrx_word' id='word_1_207' title='bbox 626 2075 717 2143; x_wconf 81' lang='lat' dir='ltr'>etiarn,</span> <span class='ocrx_word' id='word_1_208' title='bbox 728 2091 809 2144; x_wconf 83' lang='lat' dir='ltr'>quern</span> <span class='ocrx_word' id='word_1_209' title='bbox 818 2080 923 2126; x_wconf 85' lang='lat' dir='ltr'>veteres</span> <span class='ocrx_word' id='word_1_210' title='bbox 934 2087 1074 2140; x_wconf 84' lang='lat' dir='ltr'>quamque</span> 
     </span>
     <span class='ocr_line' id='line_1_27' title="bbox 150 2141 1074 2212; baseline 0.001 -19"><span class='ocrx_word' id='word_1_211' title='bbox 150 2143 238 2212; x_wconf 81' lang='lat' dir='ltr'>Justa&#39;e</span> <span class='ocrx_word' id='word_1_212' title='bbox 251 2158 348 2196; x_wconf 86' lang='lat' dir='ltr'>causae</span> <span class='ocrx_word' id='word_1_213' title='bbox 367 2142 573 2197; x_wconf 82' lang='lat' dir='ltr'>necessitudinis</span> <span class='ocrx_word' id='word_1_214' title='bbox 584 2142 649 2212; x_wconf 89' lang='lat' dir='ltr'>ipsis</span> <span class='ocrx_word' id='word_1_215' title='bbox 667 2161 729 2197; x_wconf 91' lang='lat' dir='ltr'>oum</span> <span class='ocrx_word' id='word_1_216' title='bbox 741 2142 845 2196; x_wconf 86' lang='lat' dir='ltr'>Aeduis</span> <span class='ocrx_word' id='word_1_217' title='bbox 861 2141 1057 2194; x_wconf 84' lang='lat' dir='ltr'>intercederent</span> <span class='ocrx_word' id='word_1_218' title='bbox 1065 2157 1074 2210; x_wconf 77' lang='lat'><em>3</em></span> 
     </span>
     <span class='ocr_line' id='line_1_28' title="bbox 150 2210 1074 2334; baseline -0.002 -68"><span class='ocrx_word' id='word_1_219' title='bbox 150 2227 221 2334; x_wconf 77' lang='lat' dir='ltr'>puae</span> <span class='ocrx_word' id='word_1_220' title='bbox 245 2213 503 2284; x_wconf 80' lang='lat' dir='ltr'>senatusconsulta,</span> <span class='ocrx_word' id='word_1_221' title='bbox 524 2214 630 2283; x_wconf 89' lang='lat' dir='ltr'>quoties</span> <span class='ocrx_word' id='word_1_222' title='bbox 649 2230 783 2284; x_wconf 86' lang='lat' dir='ltr'>quamque</span> <span class='ocrx_word' id='word_1_223' title='bbox 804 2210 947 2266; x_wconf 87' lang='lat' dir='ltr'>honorifica</span> <span class='ocrx_word' id='word_1_224' title='bbox 968 2211 995 2263; x_wconf 93' lang='lat' dir='ltr'>in</span> <span class='ocrx_word' id='word_1_225' title='bbox 1016 2211 1074 2264; x_wconf 83' lang='lat' dir='ltr'>eos&#39;</span> 
     </span>
     <span class='ocr_line' id='line_1_29' title="bbox 162 2280 1073 2352; baseline 0 -18"><span class='ocrx_word' id='word_1_226' title='bbox 162 2289 223 2334; x_wconf 80' lang='lat' dir='ltr'>acte</span> <span class='ocrx_word' id='word_1_227' title='bbox 246 2291 351 2352; x_wconf 78' lang='lat' dir='ltr'>essent3</span> <span class='ocrx_word' id='word_1_228' title='bbox 374 2292 404 2336; x_wconf 89' lang='lat' dir='ltr'>ut</span> <span class='ocrx_word' id='word_1_229' title='bbox 424 2283 500 2338; x_wconf 81' lang='lat' dir='ltr'>omni</span> <span class='ocrx_word' id='word_1_230' title='bbox 521 2291 642 2352; x_wconf 88' lang='lat' dir='ltr'>tempore</span> <span class='ocrx_word' id='word_1_231' title='bbox 665 2284 745 2338; x_wconf 87' lang='lat' dir='ltr'>totius</span> <span class='ocrx_word' id='word_1_232' title='bbox 767 2282 869 2335; x_wconf 89' lang='lat' dir='ltr'>Galliae</span> <span class='ocrx_word' id='word_1_233' title='bbox 893 2280 1073 2351; x_wconf 77' lang='lat' dir='ltr'>principatum</span> 
     </span>
     <span class='ocr_line' id='line_1_30' title="bbox 151 2349 1074 2423; baseline -0.004 -17"><span class='ocrx_word' id='word_1_234' title='bbox 151 2349 239 2406; x_wconf 85' lang='lat' dir='ltr'>Aedui</span> <span class='ocrx_word' id='word_1_235' title='bbox 251 2353 406 2423; x_wconf 85' lang='lat' dir='ltr'>tenuissent,</span> <span class='ocrx_word' id='word_1_236' title='bbox 418 2353 593 2423; x_wconf 81' lang='lat' dir='ltr'>priusetiarn,</span> <span class='ocrx_word' id='word_1_237' title='bbox 605 2369 687 2422; x_wconf 87' lang='lat' dir='ltr'>quam</span> <span class='ocrx_word' id='word_1_238' title='bbox 705 2359 821 2406; x_wconf 90' lang='lat' dir='ltr'>nostram</span> <span class='ocrx_word' id='word_1_239' title='bbox 832 2349 978 2406; x_wconf 76' lang='lat' dir='ltr'>conciliem</span> <span class='ocrx_word' id='word_1_240' title='bbox 989 2366 1074 2420; x_wconf 74' lang='lat' dir='ltr'>appe·</span> 
     </span>
    </p>
   </div>
   <div class='ocr_carea' id='block_1_6' title="bbox 183 2535 678 2600">
    <p class='ocr_par' dir='ltr' id='par_1_7' title="bbox 183 2535 678 2600">
     <span class='ocr_line' id='line_1_31' title="bbox 183 2535 678 2600; baseline 0.004 -16"><span class='ocrx_word' id='word_1_241' title='bbox 183 2538 190 2565; x_wconf 91' lang='lat'>¹</span> <span class='ocrx_word' id='word_1_242' title='bbox 200 2535 249 2593; x_wconf 63' lang='lat' dir='ltr'>Em</span> <span class='ocrx_word' id='word_1_243' title='bbox 267 2537 361 2595; x_wconf 80' lang='lat' dir='ltr'>thetis,</span> <span class='ocrx_word' id='word_1_244' title='bbox 375 2539 402 2589; x_wconf 83' lang='lat' dir='ltr'>in</span> <span class='ocrx_word' id='word_1_245' title='bbox 413 2555 463 2596; x_wconf 64' lang='lat' dir='ltr'>ecre</span> <span class='ocrx_word' id='word_1_246' title='bbox 482 2537 587 2600; x_wconf 68' lang='lat' dir='ltr'>hemely,</span> <span class='ocrx_word' id='word_1_247' title='bbox 598 2553 678 2600; x_wconf 76' lang='lat' dir='ltr'>equor.</span> 
     </span>
    </p>
   </div>
   <div class='ocr_carea' id='block_1_7' title="bbox 150 2623 1073 2814">
    <p class='ocr_par' dir='ltr' id='par_1_8' title="bbox 150 2623 1073 2814">
     <span class='ocr_line' id='line_1_32' title="bbox 178 2623 1072 2688; baseline 0.002 -17"><span class='ocrx_word' id='word_1_248' title='bbox 178 2623 264 2674; x_wconf 75' lang='lat' dir='ltr'>&#39;Thot</span> <span class='ocrx_word' id='word_1_249' title='bbox 274 2625 306 2682; x_wconf 82' lang='lat' dir='ltr'>is,</span> <span class='ocrx_word' id='word_1_250' title='bbox 317 2627 348 2676; x_wconf 87' lang='lat' dir='ltr'>hs</span> <span class='ocrx_word' id='word_1_251' title='bbox 358 2627 438 2676; x_wconf 76' lang='lat' dir='ltr'>raised</span> <span class='ocrx_word' id='word_1_252' title='bbox 448 2627 516 2676; x_wconf 88' lang='lat' dir='ltr'>them</span> <span class='ocrx_word' id='word_1_253' title='bbox 527 2638 552 2676; x_wconf 84' lang='lat' dir='ltr'>to</span> <span class='ocrx_word' id='word_1_254' title='bbox 563 2627 604 2678; x_wconf 85' lang='lat' dir='ltr'>the</span> <span class='ocrx_word' id='word_1_255' title='bbox 613 2627 676 2676; x_wconf 76' lang='lat' dir='ltr'>rank</span> <span class='ocrx_word' id='word_1_256' title='bbox 686 2625 715 2676; x_wconf 85' lang='lat' dir='ltr'>os</span> <span class='ocrx_word' id='word_1_257' title='bbox 721 2628 818 2688; x_wconf 73' lang='lat' dir='ltr'>spudeo,</span> <span class='ocrx_word' id='word_1_258' title='bbox 830 2625 872 2674; x_wconf 86' lang='lat' dir='ltr'>the</span> <span class='ocrx_word' id='word_1_259' title='bbox 888 2623 982 2674; x_wconf 80' lang='lat' dir='ltr'>service</span> <span class='ocrx_word' id='word_1_260' title='bbox 993 2624 1019 2673; x_wconf 89' lang='lat' dir='ltr'>in</span> <span class='ocrx_word' id='word_1_261' title='bbox 1029 2623 1072 2673; x_wconf 86' lang='lat' dir='ltr'>the</span> 
     </span>
     <span class='ocr_line' id='line_1_33' title="bbox 150 2684 1073 2746; baseline 0.001 -15"><span class='ocrx_word' id='word_1_262' title='bbox 150 2684 248 2744; x_wconf 78' lang='lat' dir='ltr'>esrnlry</span> <span class='ocrx_word' id='word_1_263' title='bbox 259 2686 332 2745; x_wconf 82' lang='lat' dir='ltr'>being</span> <span class='ocrx_word' id='word_1_264' title='bbox 348 2687 464 2746; x_wconf 82' lang='lat' dir='ltr'>regarded</span> <span class='ocrx_word' id='word_1_265' title='bbox 474 2703 501 2735; x_wconf 85' lang='lat' dir='ltr'>es</span> <span class='ocrx_word' id='word_1_266' title='bbox 512 2703 578 2736; x_wconf 88' lang='lat' dir='ltr'>more</span> <span class='ocrx_word' id='word_1_267' title='bbox 595 2684 751 2742; x_wconf 86' lang='lat' dir='ltr'>honouroble,</span> <span class='ocrx_word' id='word_1_268' title='bbox 763 2685 810 2734; x_wconf 84' lang='lat' dir='ltr'>ond</span> <span class='ocrx_word' id='word_1_269' title='bbox 825 2684 949 2746; x_wconf 82' lang='lat' dir='ltr'>requiring</span> <span class='ocrx_word' id='word_1_270' title='bbox 959 2700 975 2733; x_wconf 86' lang='lat' dir='ltr'>s</span> <span class='ocrx_word' id='word_1_271' title='bbox 985 2684 1073 2746; x_wconf 83' lang='lat' dir='ltr'>highsr</span> 
     </span>
     <span class='ocr_line' id='line_1_34' title="bbox 150 2743 637 2814; baseline 0.008 -22"><span class='ocrx_word' id='word_1_272' title='bbox 150 2757 248 2799; x_wconf 84' lang='lat' dir='ltr'>census,</span> <span class='ocrx_word' id='word_1_273' title='bbox 262 2743 321 2792; x_wconf 86' lang='lat' dir='ltr'>then</span> <span class='ocrx_word' id='word_1_274' title='bbox 331 2744 372 2792; x_wconf 86' lang='lat' dir='ltr'>the</span> <span class='ocrx_word' id='word_1_275' title='bbox 385 2746 479 2794; x_wconf 84' lang='lat' dir='ltr'>service</span> <span class='ocrx_word' id='word_1_276' title='bbox 490 2761 522 2794; x_wconf 88' lang='lat' dir='ltr'>on</span> <span class='ocrx_word' id='word_1_277' title='bbox 532 2745 591 2798; x_wconf 83' lang='lat' dir='ltr'>icot.</span> <span class='ocrx_word' id='word_1_278' title='bbox 631 2807 637 2814; x_wconf 21' lang='grc' dir='ltr'>ἱ</span> 
     </span>
    </p>
   </div>
   <div class='ocr_carea' id='block_1_8' title="bbox 177 2829 731 2884">
    <p class='ocr_par' dir='ltr' id='par_1_9' title="bbox 177 2829 731 2884">
     <span class='ocr_line' id='line_1_35' title="bbox 177 2829 731 2884; baseline 0.007 -4"><span class='ocrx_word' id='word_1_279' title='bbox 177 2832 189 2862; x_wconf 80' lang='lat'><strong><em>³</em></strong></span> <span class='ocrx_word' id='word_1_280' title='bbox 198 2829 293 2880; x_wconf 76' lang='lat' dir='ltr'>Dictum</span> <span class='ocrx_word' id='word_1_281' title='bbox 303 2830 360 2880; x_wconf 89' lang='lat' dir='ltr'>here</span> <span class='ocrx_word' id='word_1_282' title='bbox 371 2831 392 2880; x_wconf 91' lang='lat' dir='ltr'>is</span> <span class='ocrx_word' id='word_1_283' title='bbox 403 2832 444 2882; x_wconf 87' lang='lat' dir='ltr'>tho</span> <span class='ocrx_word' id='word_1_284' title='bbox 455 2848 523 2882; x_wconf 84' lang='lat' dir='ltr'>sams</span> <span class='ocrx_word' id='word_1_285' title='bbox 534 2849 561 2882; x_wconf 87' lang='lat' dir='ltr'>ss</span> <span class='ocrx_word' id='word_1_286' title='bbox 571 2836 731 2884; x_wconf 64' lang='lat' dir='ltr'>mentm</span> 
     </span>
    </p>
   </div>
   <div class='ocr_carea' id='block_1_9' title="bbox 151 2917 1070 3041">
    <p class='ocr_par' dir='ltr' id='par_1_10' title="bbox 151 2917 1070 3041">
     <span class='ocr_line' id='line_1_36' title="bbox 179 2917 1070 2980; baseline 0.007 -16"><span class='ocrx_word' id='word_1_287' title='bbox 179 2917 236 2965; x_wconf 76' lang='lat' dir='ltr'>⁴Es</span> <span class='ocrx_word' id='word_1_288' title='bbox 247 2917 364 2966; x_wconf 83' lang='lat' dir='ltr'>indicates</span> <span class='ocrx_word' id='word_1_289' title='bbox 381 2918 422 2967; x_wconf 85' lang='lat' dir='ltr'>the</span> <span class='ocrx_word' id='word_1_290' title='bbox 440 2918 507 2980; x_wconf 86' lang='lat' dir='ltr'>ploce</span> <span class='ocrx_word' id='word_1_291' title='bbox 523 2919 584 2969; x_wconf 86' lang='lat' dir='ltr'>srom</span> <span class='ocrx_word' id='word_1_292' title='bbox 595 2921 675 2970; x_wconf 83' lang='lat' dir='ltr'>which</span> <span class='ocrx_word' id='word_1_293' title='bbox 691 2921 732 2969; x_wconf 85' lang='lat' dir='ltr'>the</span> <span class='ocrx_word' id='word_1_294' title='bbox 748 2919 916 2969; x_wconf 75' lang='lat' dir='ltr'>conversation</span> <span class='ocrx_word' id='word_1_295' title='bbox 932 2920 953 2969; x_wconf 92' lang='lat' dir='ltr'>is</span> <span class='ocrx_word' id='word_1_296' title='bbox 969 2929 996 2970; x_wconf 88' lang='lat' dir='ltr'>tc</span> <span class='ocrx_word' id='word_1_297' title='bbox 1012 2920 1070 2970; x_wconf 85' lang='lat' dir='ltr'>telrs</span> 
     </span>
     <span class='ocr_line' id='line_1_37' title="bbox 151 2975 822 3041; baseline 0.007 -18"><span class='ocrx_word' id='word_1_298' title='bbox 151 2975 228 3036; x_wconf 78' lang='lat' dir='ltr'>ploce,</span> <span class='ocrx_word' id='word_1_299' title='bbox 238 2977 302 3024; x_wconf 81' lang='lat' dir='ltr'>esch</span> <span class='ocrx_word' id='word_1_300' title='bbox 313 2977 341 3024; x_wconf 85' lang='lat' dir='ltr'>of</span> <span class='ocrx_word' id='word_1_301' title='bbox 352 2979 394 3026; x_wconf 88' lang='lat' dir='ltr'>the</span> <span class='ocrx_word' id='word_1_302' title='bbox 404 2989 455 3027; x_wconf 75' lang='lat' dir='ltr'>two</span> <span class='ocrx_word' id='word_1_303' title='bbox 465 2979 542 3028; x_wconf 87' lang='lat' dir='ltr'>chiefs</span> <span class='ocrx_word' id='word_1_304' title='bbox 553 2980 627 3041; x_wconf 76' lang='lat' dir='ltr'>being</span> <span class='ocrx_word' id='word_1_305' title='bbox 637 2995 668 3028; x_wconf 90' lang='lat' dir='ltr'>on</span> <span class='ocrx_word' id='word_1_306' title='bbox 678 2980 822 3029; x_wconf 82' lang='lat' dir='ltr'>horssbeelr.</span> 
     </span>
    </p>
   </div>
   <div class='ocr_carea' id='block_1_10' title="bbox 150 3063 1072 3240">
    <p class='ocr_par' dir='ltr' id='par_1_11' title="bbox 150 3063 1072 3240">
     <span class='ocr_line' id='line_1_38' title="bbox 179 3063 1072 3128; baseline 0.008 -18"><span class='ocrx_word' id='word_1_307' title='bbox 179 3067 189 3094; x_wconf 79' lang='lat'><em>⁰</em></span> <span class='ocrx_word' id='word_1_308' title='bbox 200 3063 254 3112; x_wconf 89' lang='lat' dir='ltr'>The</span> <span class='ocrx_word' id='word_1_309' title='bbox 265 3075 375 3123; x_wconf 85' lang='lat' dir='ltr'>presente</span> <span class='ocrx_word' id='word_1_310' title='bbox 385 3065 465 3114; x_wconf 88' lang='lat' dir='ltr'>which</span> <span class='ocrx_word' id='word_1_311' title='bbox 475 3065 517 3113; x_wconf 81' lang='lat' dir='ltr'>the</span> <span class='ocrx_word' id='word_1_312' title='bbox 527 3065 636 3114; x_wconf 85' lang='lat' dir='ltr'>Romens</span> <span class='ocrx_word' id='word_1_313' title='bbox 647 3065 708 3115; x_wconf 88' lang='lat' dir='ltr'>used</span> <span class='ocrx_word' id='word_1_314' title='bbox 718 3077 743 3115; x_wconf 90' lang='lat' dir='ltr'>tc</span> <span class='ocrx_word' id='word_1_315' title='bbox 754 3066 814 3116; x_wconf 90' lang='lat' dir='ltr'>send</span> <span class='ocrx_word' id='word_1_316' title='bbox 825 3075 851 3114; x_wconf 88' lang='lat' dir='ltr'>to</span> <span class='ocrx_word' id='word_1_317' title='bbox 862 3066 934 3128; x_wconf 85' lang='lat' dir='ltr'>kings</span> <span class='ocrx_word' id='word_1_318' title='bbox 945 3067 1072 3116; x_wconf 86' lang='lat' dir='ltr'>consisted</span> 
     </span>
     <span class='ocr_line' id='line_1_39' title="bbox 150 3123 1070 3185; baseline 0.003 -13"><span class='ocrx_word' id='word_1_319' title='bbox 150 3125 178 3172; x_wconf 81' lang='lat' dir='ltr'>os</span> <span class='ocrx_word' id='word_1_320' title='bbox 190 3140 221 3173; x_wconf 83' lang='lat' dir='ltr'>an</span> <span class='ocrx_word' id='word_1_321' title='bbox 236 3124 304 3183; x_wconf 86' lang='lat' dir='ltr'>ivery</span> <span class='ocrx_word' id='word_1_322' title='bbox 315 3139 355 3172; x_wconf 89' lang='lat' dir='ltr'>sce</span> <span class='ocrx_word' id='word_1_323' title='bbox 384 3138 418 3180; x_wconf 88' lang='lat' dir='ltr'>re,</span> <span class='ocrx_word' id='word_1_324' title='bbox 432 3139 462 3171; x_wconf 90' lang='lat' dir='ltr'>on</span> <span class='ocrx_word' id='word_1_325' title='bbox 477 3123 634 3172; x_wconf 83' lang='lat' dir='ltr'>ornamented</span> <span class='ocrx_word' id='word_1_326' title='bbox 650 3135 715 3185; x_wconf 80' lang='lat' dir='ltr'>toga,</span> <span class='ocrx_word' id='word_1_327' title='bbox 727 3141 742 3175; x_wconf 81' lang='lat' dir='ltr'>s</span> <span class='ocrx_word' id='word_1_328' title='bbox 753 3125 835 3175; x_wconf 86' lang='lat' dir='ltr'>curule</span> <span class='ocrx_word' id='word_1_329' title='bbox 851 3126 925 3183; x_wconf 82' lang='lat' dir='ltr'>cheir,</span> <span class='ocrx_word' id='word_1_330' title='bbox 939 3126 990 3176; x_wconf 78' lang='lat' dir='ltr'>dcc.</span> <span class='ocrx_word' id='word_1_331' title='bbox 1022 3127 1070 3176; x_wconf 83' lang='lat' dir='ltr'>See</span> 
     </span>
     <span class='ocr_line' id='line_1_40' title="bbox 153 3182 592 3240; baseline 0.002 -10"><span class='ocrx_word' id='word_1_332' title='bbox 153 3182 206 3230; x_wconf 76' lang='lat' dir='ltr'>Lrv.</span> <span class='ocrx_word' id='word_1_333' title='bbox 218 3197 276 3230; x_wconf 75' lang='lat' dir='ltr'>xxx.</span> <span class='ocrx_word' id='word_1_334' title='bbox 288 3187 329 3240; x_wconf 78' lang='lat'>1⁵3</span> <span class='ocrx_word' id='word_1_335' title='bbox 372 3182 427 3229; x_wconf 65' lang='lat' dir='ltr'>seitss</span> <span class='ocrx_word' id='word_1_336' title='bbox 437 3183 503 3230; x_wconf 74' lang='lat' dir='ltr'>Anu.</span> <span class='ocrx_word' id='word_1_337' title='bbox 513 3183 545 3231; x_wconf 79' lang='lat' dir='ltr'>iv.</span> <span class='ocrx_word' id='word_1_338' title='bbox 555 3186 592 3231; x_wconf 79' lang='lat'>26.</span> 
     </span>
    </p>
   </div>
   <div class='ocr_carea' id='block_1_11' title="bbox 180 3254 962 3388">
    <p class='ocr_par' dir='ltr' id='par_1_12' title="bbox 180 3254 962 3388">
     <span class='ocr_line' id='line_1_41' title="bbox 180 3254 483 3316; baseline 0.003 -14"><span class='ocrx_word' id='word_1_339' title='bbox 180 3254 316 3316; x_wconf 52' lang='lat' dir='ltr'>‘Nemesim</span> <span class='ocrx_word' id='word_1_340' title='bbox 328 3257 360 3304; x_wconf 85' lang='lat' dir='ltr'>od</span> <span class='ocrx_word' id='word_1_341' title='bbox 369 3263 483 3304; x_wconf 75' lang='lat' dir='ltr'>smmum.</span> 
     </span>
     <span class='ocr_line' id='line_1_42' title="bbox 180 3323 962 3388; baseline 0.01 -14"><span class='ocrx_word' id='word_1_342' title='bbox 180 3323 231 3374; x_wconf 74' lang='lat' dir='ltr'>&#39;Is</span> <span class='ocrx_word' id='word_1_343' title='bbox 240 3344 292 3384; x_wconf 68' lang='lat' dir='ltr'>roos,⁴</span> <span class='ocrx_word' id='word_1_344' title='bbox 309 3327 362 3378; x_wconf 83' lang='lat' dir='ltr'>thet</span> <span class='ocrx_word' id='word_1_345' title='bbox 371 3327 403 3386; x_wconf 83' lang='lat' dir='ltr'>is,</span> <span class='ocrx_word' id='word_1_346' title='bbox 415 3329 441 3378; x_wconf 88' lang='lat' dir='ltr'>in</span> <span class='ocrx_word' id='word_1_347' title='bbox 451 3327 573 3379; x_wconf 75' lang='lat' dir='ltr'>reference</span> <span class='ocrx_word' id='word_1_348' title='bbox 584 3338 610 3378; x_wconf 92' lang='lat' dir='ltr'>to</span> <span class='ocrx_word' id='word_1_349' title='bbox 620 3327 697 3388; x_wconf 86' lang='lat' dir='ltr'>them,</span> <span class='ocrx_word' id='word_1_350' title='bbox 707 3345 736 3380; x_wconf 90' lang='lat' dir='ltr'>or</span> <span class='ocrx_word' id='word_1_351' title='bbox 746 3339 772 3380; x_wconf 86' lang='lat' dir='ltr'>tc</span> <span class='ocrx_word' id='word_1_352' title='bbox 782 3329 876 3382; x_wconf 85' lang='lat' dir='ltr'>honour</span> <span class='ocrx_word' id='word_1_353' title='bbox 886 3331 962 3382; x_wconf 86' lang='lat' dir='ltr'>them.</span> 
     </span>
    </p>
   </div>
   <div class='ocr_carea' id='block_1_12' title="bbox 658 681 1136 761">
    <p class='ocr_par' dir='ltr' id='par_1_13' title="bbox 658 681 1136 761">
     <span class='ocr_line' id='line_1_43' title="bbox 658 681 1136 761; baseline 0.002 -27"><span class='ocrx_word' id='word_1_354' title='bbox 658 683 768 751; x_wconf 77' lang='lat' dir='ltr'>enimse,</span> <span class='ocrx_word' id='word_1_355' title='bbox 790 699 834 735; x_wconf 87' lang='lat' dir='ltr'>cur</span> <span class='ocrx_word' id='word_1_356' title='bbox 853 699 943 760; x_wconf 39' lang='lat' dir='ltr'>quam·</span> <span class='ocrx_word' id='word_1_357' title='bbox 955 681 1078 761; x_wconf 79' lang='lat' dir='ltr'>maxime</span> <span class='ocrx_word' id='word_1_358' title='bbox 1135 705 1136 718; x_wconf 69' lang='lat'><em>2</em></span> 
     </span>
    </p>
   </div>
   <div class='ocr_carea' id='block_1_13' title="bbox 0 0 1156 3792">
    <p class='ocr_par' dir='ltr' id='par_1_14' title="bbox 0 0 1156 3792">
     <span class='ocr_line' id='line_1_44' title="bbox 0 0 1156 3792; baseline 0 2"><span class='ocrx_word' id='word_1_359' title='bbox 0 0 1156 3792; x_wconf 95' lang='lat' dir='ltr'> </span> 
     </span>
    </p>
   </div>
  </div>
 </body>
</html>
