2268 3786
466 289 556 332 urssrr
575 287 621 330 m.
963 269 1001 332 st

86 402 129 454 nia
147 399 325 454 contulerunt.
361 397 402 452 sd
420 415 533 470 qusmm
551 398 656 454 initium
674 398 810 454 silrsrum¹
826 413 891 453 cum
902 397 1004 452 Cusser

85 471 252 540 pervenisset
274 475 416 538 castraque
439 469 544 523 munire
567 469 732 539 instituisset,
750 485 839 538 neque
862 467 947 522 hostis
964 467 1002 522 iu·

84 540 254 662 territqhmh
262 545 342 606 esset,
355 537 520 661 dsspersistin
530 553 612 661 {rpem
623 537 822 660 nrrtstrissubito
834 537 1004 660 exstrmnibnts

144 626 205 662 rus
222 623 306 661 errae
324 623 374 660 ero
401 623 484 661 vernn
512 625 530 660 e
557 625 760 662 innosrosrrn
807 624 854 661 um
883 623 1002 662 ecemn.

110 680 173 730 ostri
186 677 309 731 celeriter
319 693 394 730 orme
411 686 540 748 ceperunt
551 694 652 748 eosque
664 677 692 731 in
704 623 796 732 silrebe
802 694 830 730 re
849 675 964 746 ulerunt,
976 685 1003 730 et

83 747 267 817 compluribus
290 745 436 799 interiectis
458 745 573 816 longins¹
594 745 806 818 impeditioribus
828 694 894 800 hbcis
917 745 1003 802 secuti

84 833 187 888 paucos
199 833 233 869 ex
245 815 301 870 suis
312 814 527 896 deperdiderunt.

119 891 162 938 29.
183 885 302 955 Reliquis
312 884 441 955 deinceps
451 884 548 940 diebus
555 886 653 939 Cessur
665 885 747 938 silves
757 884 871 939 eeedere
882 883 1003 954 instituit,

83 965 110 1008 et
128 972 164 1008 ne
183 955 244 1024 quis
261 953 408 1006 inermibus
426 953 703 1025 imprudentibusque¹
719 953 850 1009 militibus
867 952 903 1007 ub
920 952 1004 1008 lutere

83 1025 203 1095 impetus
215 1025 272 1077 fieri
363 1031 502 1092 tornuerre
520 1041 582 1078 eum
600 1024 749 1093 materiem,
761 1039 830 1094 quse
848 1031 903 1076 erut
915 1039 1003 1091 osen,

83 1109 243 1148 conversim
318 1092 422 1146 hostem
439 1092 585 1147 collocabat
602 1102 629 1146 et
652 1109 699 1163 pro
717 1091 787 1146 rullo
809 1092 843 1146 sd
861 1101 1004 1162 utrumqne
1082 1137 1085 1144 .

83 1162 155 1216 latus
173 1163 337 1216 exstruebat.
372 1162 523 1216 horedibili
541 1162 678 1216 celeritate
696 1177 792 1232 magno
810 1162 894 1232 spetio
911 1161 1006 1232 psutns

83 1231 182 1286 diebus
199 1232 327 1300 conlecto,
340 1249 402 1285 curn
420 1231 476 1301 jam
495 1247 578 1302 pecus
589 1242 669 1302 etque
681 1241 801 1286 extreme
813 1231 1005 1302 impedimento

83 1302 229 1356 abnostris
241 1309 399 1370 tenerentur,
413 1302 463 1371 ipsi
480 1301 619 1355 densiores
630 1301 713 1354 silves
730 1309 858 1380 peterent,
872 1298 1005 1370 ejusmodi

84 1380 146 1425 sunt
165 1379 341 1440 tempestates
358 1379 526 1440 donassetne,
539 1373 578 1426 uti
596 1387 663 1442 opus
680 1369 830 1424 necessario
848 1371 1006 1424 rntermitte·

83 1451 163 1510 retur,
178 1449 204 1492 et
221 1441 416 1494 continuatione
433 1440 559 1494 imbrium
576 1440 678 1494 diutius
695 1439 748 1493 sub
798 1438 888 1492 tribus·
904 1437 1004 1492 milites

83 1510 214 1564 contineri
233 1527 284 1563 ncn
304 1519 418 1580 possent.
454 1511 547 1580 ltaque
558 1510 669 1564 eustatie
686 1509 759 1562 omui
779 1525 811 1561 us
822 1523 915 1560 eorum
926 1507 1005 1577 egris

82 1581 153 1634 vicis
176 1579 361 1650 aedificiisque
384 1579 499 1632 incensis
522 1580 621 1634 Oueser
637 1577 785 1632 exereitum
808 1576 912 1630 reduxit
931 1586 959 1629 et
977 1576 1005 1631 in

82 1649 211 1704 Aulercis
228 1649 412 1730 herodisque,
426 1649 535 1718 reliquis
547 1650 612 1702 item
630 1647 791 1718 civitatibus,
803 1663 873 1718 quae
885 1645 1006 1717 proxime

84 1719 189 1774 bellum
201 1719 328 1788 lecerunt,
341 1721 367 1772 in
380 1718 499 1774 hibernis
510 1718 659 1774 collocerit.

112 1871 120 1899 ¹
130 1867 188 1917 The
200 1867 277 1928 plurel
287 1870 363 1916 educe
372 1867 456 1918 shows
465 1868 517 1918 thet
529 1867 622 1918 Cusser
632 1870 652 1917 is
663 1869 722 1918 hers
731 1867 846 1932 thinking
853 1868 881 1918 of
887 1868 929 1918 the
939 1876 1006 1930 perte

82 1927 111 1978 ot
117 1927 201 1976 which
213 1927 255 1975 the
266 1927 344 1976 whole
355 1927 430 1976 forest
442 1930 522 1984 leilcc)
533 1928 665 1977 consisted.
698 1928 746 1978 See
756 1929 780 1978 ii.
794 1931 831 1985 19,
843 1937 903 1978 note
912 1930 935 1976 t.

111 2003 121 2034 ¹
131 2001 159 2052 N
161 2001 251 2062 umely,
266 2002 340 2050 ‘than
349 2017 402 2050 wss
412 2001 497 2064 right,'
509 2017 537 2051 or
549 2002 704 2052 ‘sdrissble’

111 2075 121 2104 ¹
130 2073 265 2122 Inerorrlme
274 2072 321 2121 und
332 2075 517 2143 &pudentibus
528 2088 585 2133 ruey
595 2073 674 2122 either
683 2075 714 2122 be
722 2073 840 2124 sblstires
849 2074 969 2131 obsolute,
977 2088 1006 2124 or

82 2131 189 2189 detines,
202 2131 339 2191 dependent
349 2147 414 2192 upon
425 2134 609 2195 κρανέινα.

81 2205 183 2314 &miri
194 2205 315 2268 pellitam
332 2204 385 2254 thet
401 2204 433 2263 ie,
444 2205 470 2254 iu
485 2205 550 2256 their
562 2214 639 2263 rents,
651 2204 733 2257 which
747 2221 813 2258 were
828 2206 932 2258 covered
942 2205 1003 2256 with
