2268 3786
420 287 512 330 nisani
532 288 560 330 v.
583 307 586 316 ‚
779 345 782 358 ,
903 271 962 334 128

48 395 238 450 contenderent.
275 395 414 468 Equestris
432 408 524 450 autem
536 396 627 468 proelii
641 398 707 452 ratio
719 407 746 452 et
758 397 917 454 cedentibus
933 409 961 454 et

48 465 242 535 insequentibus
260 483 307 536 par
323 477 404 538 atquc
423 467 496 520 idem
521 467 670 538 pericnlum
690 468 830 522 inserebat.
874 471 960 522 Acce·

48 533 119 588 debat
143 535 205 604 huc,
226 545 255 589 ut
278 553 415 605 nunquam
434 537 552 607 conferti,
571 538 618 590 sed
638 539 688 591 rari
706 540 863 610 magnisque
882 539 960 592 inter·

46 605 115 658 vallis
153 604 325 658 roeliaientcr
344 607 525 676 stationesque
548 607 690 688 dispositas
714 607 860 678 baberent,¹
878 620 960 678 atque

45 673 104 727 alius
122 623 169 728 alii
189 675 317 746 deinceps
337 676 490 746 exciperent
511 678 659 748 integrique
678 687 705 732 et
725 689 846 732 recentes
865 677 960 732 delati·

44 745 106 812 gatis
117 745 302 798 succederent.

76 819 114 867 17.
134 815 244 868 Postero
262 814 306 868 die
325 815 414 885 procul
433 832 451 867 a
470 817 565 869 caetris
582 819 671 870 hostes
689 817 716 872 in
735 817 848 872 collibus
865 819 960 871 consti·

44 891 124 953 terunt
143 885 251 954 rurique
270 901 299 936 se
323 885 463 938 ostendere
481 895 509 938 et
527 885 621 956 lenius,
660 905 723 942 uam
747 888 838 958 pridie,
859 896 961 940 nostros

43 956 141 1022 equites
164 954 265 1024 proelio
297 954 429 1008 lacessere
452 965 604 1024 coeperunt.
642 904 701 1012 (bed
732 957 850 1025 meridie,
875 973 959 1026 quum

43 1022 134 1076 Caesar
156 1023 303 1094 pabulandi
328 1041 410 1076 causa
433 1031 488 1077 tres
510 1025 629 1094 legiones
651 1036 731 1096 atque
754 1045 862 1082 omnem
886 1026 960 1150 equi·

43 1099 121 1145 tatum
139 1109 205 1146 cum
223 1093 252 1147 C.
265 1093 397 1146 Trebonio
416 1093 441 1146 le
477 1105 503 1146 to
521 1095 645 1165 misisset,
659 1107 768 1166 repente
786 1098 908 1150 exomni
928 1113 961 1150 ns

42 1161 155 1229 pentibus
172 1163 209 1216 ad
227 1162 396 1232 pabulatores
420 1181 436 1215 a
457 1164 618 1234 volaverunt,
637 1166 682 1236 sic,
702 1167 739 1220 uti
764 1166 799 1221 ab
823 1166 905 1235 signis
922 1166 959 1218 le·

42 1231 224 1302 gionibusque'
239 1249 291 1286 non
310 1233 478 1286 absisterent.
513 1235 610 1305 Nostri,
630 1236 725 1289 acriter
744 1237 771 1288 in
791 1253 837 1290 ecs
857 1233 959 1306 impetn

42 1299 113 1371 lacto,
128 1301 282 1372 repulerunt
301 1319 388 1372 neque
405 1301 487 1356 finem
506 1305 635 1373 sequendi
650 1305 777 1374 lecerunt,
791 1306 877 1375 quoad
897 1305 958 1358 snb·

44 1369 104 1422 sidio
122 1371 217 1425 confisi
241 1371 352 1441 equites,
373 1389 456 1442 quum
480 1383 537 1444 post
556 1391 585 1426 se
603 1374 721 1443 legiones
739 1375 865 1444 viderent,
904 1392 959 1426 rae·

43 1439 130 1508 cipites
148 1441 240 1494 hostes
258 1450 385 1510 egerunt:
405 1459 554 1512 magnoque
573 1460 666 1498 eurum
683 1461 792 1496 numero
812 1393 957 1512 interlrlcto,

44 1524 124 1578 neque
142 1512 185 1564 sui
205 1510 355 1580 colligendi,
369 1528 456 1581 neque
475 1513 635 1566 consistendi
652 1523 698 1565 aut
717 1530 751 1566 ex
769 1513 872 1566 essedis
889 1512 958 1566 desi·

44 1575 118 1634 liendi
142 1580 299 1634 facultatem
323 1579 463 1634 dederunt.
508 1583 559 1635 Eii'
581 1581 631 1636 hec
655 1581 719 1652 luga
741 1583 867 1652 protinus,
889 1597 958 1652 quaa

45 1649 154 1720 undique
179 1658 366 1720 convenerant,
390 1651 489 1706 auxilia
511 1651 706 1706 discesserunt:
738 1669 825 1722 neque
848 1659 907 1722 pust
931 1649 959 1704 id

43 1723 144 1788 tempus
163 1737 294 1791 nmquam
312 1720 426 1774 summis
443 1720 582 1774 nobiscum
600 1721 691 1792 copiis⁴
708 1723 799 1776 hostes
816 1719 958 1775 contende·

44 1799 106 1840 runt.

76 1862 114 1911 18.
133 1861 239 1929 Caesar,
253 1860 358 1929 cognito
376 1859 484 1912 consilio
502 1877 602 1930 eorum,
615 1860 650 1914 ad
669 1861 768 1914 flumen
787 1861 913 1916 Tamesin
930 1861 957 1916 in

43 1924 104 1982 fines
123 1929 317 1982 Cassivellauni
338 1929 486 1983 exercituin
504 1930 594 1999 duxit,
619 1930 689 2000 qnod
709 1931 811 1984 flumen
831 1948 882 1984 uno
902 1949 958 1985 cni·

43 1996 98 2050 nino
110 1997 168 2052 locc
181 1999 303 2068 pedibus,
316 2007 396 2068 etque
409 1997 459 2052 hoc
471 2017 503 2052 ae
524 2016 559 2069 re,
573 2000 677 2054 transiri
688 2003 793 2070 potest.⁶
823 2001 862 2056 Eo
874 2019 959 2071 quum

44 2067 163 2138 venisset,
176 2070 297 2122 animum
310 2067 430 2139 advertit,
443 2069 476 2122 ad
518 2080 602 2123 teram
613 2070 731 2124 fluminis
744 2070 828 2142 ripam
847 2087 959 2140 magnas

43 2151 97 2189 esse
115 2139 207 2209 copias
225 2138 340 2191 bostium
354 2138 508 2192 instructas:
529 2139 585 2210 ripa
602 2148 694 2194 antem
712 2150 767 2193 erat
785 2143 871 2194 acritis
888 2141 958 2194 sudi·

43 2201 89 2258 bus
106 2208 233 2277 praefixis
251 2207 362 2278 munita,
376 2207 554 2278 ejusdemqbe
572 2210 678 2278 generis
697 2209 747 2264 sub
765 2227 834 2280 aqua
853 2211 958 2264 defixae

42 2275 118 2329 sudes
129 2277 241 2330 flumine
254 2276 419 2346 tegebantur.
455 2277 505 2330 llis
522 2279 602 2332 iebus
619 2295 650 2332 co
669 2279 731 2332 uitis
741 2295 758 2331 a
770 2281 884 2360 captivis
900 2297 958 2351 per·

42 2342 170 2417 iugisque,
184 2347 288 2418 Caesar,
302 2347 449 2417 praemissu
461 2349 588 2418 equitatu,
601 2297 742 2402 conlestim
760 2348 879 2416 legiones
897 2349 958 2403 sub·

42 2415 113 2484 sequi
124 2415 213 2488 jussit.
242 2415 294 2470 Sed
307 2433 340 2469 ea
351 2416 488 2470 celeritate
500 2427 581 2488 atque
593 2434 626 2470 ec
639 2418 739 2488 impetu
752 2418 851 2470 milites
863 2418 956 2486 ierunt,

69 2597 222 2663 ¹Diepcsi'tus
232 2602 353 2657 haberem
371 2599 424 2648 thet
440 2600 469 2658 is,
482 2601 602 2650 stationed
613 2601 638 2650 iu
648 2597 759 2649 different
774 2599 855 2659 places
871 2601 918 2652 ond
933 2613 958 2651 at

42 2660 127 2708 cencio
138 2659 263 2708 intervels.

67 2743 140 2795 ¹'l'be
151 2748 224 2815 signo
235 2745 281 2795 end
292 2748 397 2809 legiones
409 2763 449 2796 are
460 2747 518 2796 here
529 2745 571 2796 the
579 2747 672 2856 leqiuns
681 2747 740 2797 with
752 2747 815 2796 their
820 2746 955 2817 standands,

41 2799 120 2854 down
130 2821 165 2866 up
176 2821 201 2854 in
211 2806 392 2913 requluncrden
401 2821 428 2855 ns
439 2806 546 2876 opposed
556 2815 600 2856 tct
618 2823 632 2856 e
643 2805 764 2858 scettered
772 2807 869 2870 cavalry
878 2807 958 2856 which

42 2860 85 2912 hed
95 2881 159 2926 gone
170 2880 202 2912 on
213 2881 227 2912 e
246 2881 346 2927 cruging
357 2881 492 2914 excursion.

68 2951 124 3002 'Ee
142 2951 260 3014 signihes‚
283 2953 322 3002 ‘in
342 2967 510 3022 consequence
531 2951 580 3011 ol;’
603 2953 679 3003 hence
698 2953 758 3013 elso,
778 2953 957 3015 ‘immediately

42 3007 116 3069 uter:
130 3011 212 3060 which
223 3013 244 3060 is
255 3011 312 3061 here
323 3011 412 3073 clearly
423 3011 544 3061 mdiceted
554 3014 588 3073 by
595 3015 714 3076 protinus.

68 3096 189 3147 ‘Summis
207 3100 279 3161 copiis
297 3098 318 3147 is
336 3099 378 3147 the
396 3114 464 3148 seme
483 3114 510 3146 iis
528 3101 633 3148 omnibus
647 3100 719 3164 copiis
731 3101 831 3150 crcmni
846 3099 956 3156 samii,

45 3156 115 3206 ‘with
125 3157 159 3208 cll
169 3157 233 3206 their
243 3157 338 3207 forces)
371 3158 419 3208 Sec
429 3158 470 3207 vii.
481 3161 520 3206 ti.

69 3245 142 3294 'The
178 3245 327 3316 laceuwhcrc
344 3246 436 3297 Caesen
450 3246 498 3296 end
515 3247 554 3296 liis
572 3263 641 3309 ermy
651 3247 734 3299 scided
752 3249 794 3298 the
810 3248 920 3298 ‘l'hitmss
937 3264 959 3298 is

45 3261 302 3414 commonthoeneved
312 3315 338 3355 to
348 3309 378 3356 be
389 3317 414 3356 ut
426 3307 520 3368 chey
531 3307 630 3366 Staties,
643 3323 701 3358 neor
712 3307 841 3366 Oatslcud,
853 3306 901 3358 und
915 3317 958 3359 not

44 3360 77 3412 fei
86 3364 148 3416 from
158 3375 168 3414 t
187 3380 200 3414 e
211 3365 352 3416 confluenoe
363 3365 391 3416 os
402 3366 444 3416 the
455 3366 530 3428 Wey.
