2268 3786
137 263 177 328 78
437 287 478 328 ce
498 283 595 328 emto
614 283 749 328 erroroc.

136 407 170 446 ex
182 407 270 463 pugne
282 393 436 464 excedendi,
450 394 497 448 sed
515 409 550 448 ne
566 394 657 447 saucio
669 394 778 462 quidem
790 394 850 464 ejus
862 393 920 464 loci,
933 393 978 448 ubi
987 409 1057 448 oon·

136 462 245 532 etitem,
260 462 424 534 relinquendi
435 481 469 517 eo
481 464 521 516 sui
534 463 678 532 recipiendi
692 462 806 516 facultas
817 463 939 518 debetur.

170 535 194 584 ⁵.
214 534 281 586 (him
298 532 353 604 jam
371 534 488 605 amplius
504 533 575 586 horis
593 549 641 585 sex
658 535 823 586 continenter
838 543 1006 604 pugnaretur,
1019 549 1056 587 ac

135 617 186 654 non
199 601 284 656 solum
296 603 373 673 vires,
387 603 434 656 sed
447 603 529 656 etiam
540 602 594 656 tele
605 604 701 655 nostris
709 602 860 670 delicerent,
871 611 952 672 etque
960 601 1055 657 hostes

134 672 223 725 eoriue
240 673 366 726 instarent
384 672 646 742 languidioribusque
663 672 765 725 nostris¹
776 672 878 726 rollum
889 672 1013 727 scindere
1025 681 1054 726 et
1127 701 1128 736 ,

135 737 220 794 fossas
237 743 370 812 complere
388 743 544 812 coepissent,
565 757 660 812 resque
678 751 750 794 esset
768 742 823 812 jam
843 742 879 795 ed
899 751 1054 796 extremum
1127 775 1128 792 t

134 809 261 880 perducta
284 814 396 882 cesum,²
419 810 530 865 Publius
553 811 658 866 Sextius
682 811 803 880 Baculus,
823 811 902 882 primi
921 811 968 882 pili
989 829 1054 865 oen·

134 880 209 950 turio,
246 899 309 935 uem
330 882 444 936 Nervico
468 881 566 950 proelio
585 897 646 934 corn
666 880 767 934 loribus
785 871 938 934 conlectum
957 881 1053 935 vulue-

133 1019 173 1072 vir
191 1030 217 1072 et
235 1019 338 1073 consilii
357 1019 447 1088 magni
465 1029 493 1072 et
504 1019 614 1088 virtutis,
628 1019 662 1072 ed
677 1011 791 1072 Galbe'm
809 1017 951 1073 adcurrunt
968 1030 1052 1090 atque

132 1104 214 1142 onem
229 1107 289 1142 esse
302 1090 388 1159 spem‘
400 1089 493 1144 solutrb
504 1087 608 1158 docent,
622 1089 645 1141 si
658 1089 794 1158 eruptione
809 1090 881 1142 facto
898 1098 1052 1144 extremum

132 1158 262 1212 auxilium
274 1158 462 1228 experirentur.
498 1159 591 1228 ltaque
606 1160 757 1212 convocetis
769 1159 967 1212 centurionibus
978 1160 1050 1212 cele-

132 1227 195 1281 riter
206 1228 305 1281 milites
317 1227 442 1280 certiores
454 1227 525 1298 lacit,
539 1228 673 1309 paulisper
690 1229 904 1282 intermitterent⁸
918 1229 1051 1298 proelium

134 948 206 1003 ribus
226 899 361 1020 hulmus,⁸
380 959 407 1003 et
426 949 490 1003 item
512 951 592 1003 Ceius
608 897 765 1008 Volusenus,
784 951 907 1004 tribunus
923 950 1051 1020 militum,
1127 949 1128 960 ¹

132 1313 164 1350 so
181 1298 364 1350 tantummodo
382 1297 436 1350 tela
454 1297 537 1352 misse
556 1307 710 1367 exciperent
729 1315 811 1367 seque
830 1315 864 1351 er
882 1299 972 1351 labore
989 1298 1050 1353 refi·
1127 1305 1128 1368 l

132 1376 236 1436 oetent5
257 1375 313 1490 post
330 1367 393 1420 dato
411 1367 486 1436 signo
503 1383 520 1420 e
540 1368 633 1423 cestris
653 1377 823 1438 erumperent
840 1377 921 1438 atque
938 1383 1049 1422 omnem
1127 1375 1128 1418 ἲ

132 1437 284 1565 'plilnllhltd
303 1506 368 1576 jussi
387 1515 456 1576 sunt,
481 1506 572 1558 aoiunt
589 1523 621 1559 ac
639 1506 726 1560 subito
744 1506 867 1560 omnibus
877 1505 1019 1586 portisero

279 1437 313 1490 tis
325 1437 352 1490 in
364 1437 461 1490 virtute
508 1445 610 1490 nerent.
1050 1471 1069 1510 5
1127 1459 1128 1462 ¹

131 1575 279 1630 tionesacta
287 1595 320 1630 ne
340 1593 375 1630 ue
383 1575 566 1646 cognoscendi,
576 1575 640 1645 quid
650 1576 733 1648 fieret,
744 1593 831 1646 neque
844 1592 884 1628 sur
896 1575 1009 1644 colligen
1031 1577 1050 1630 i⁶

130 1644 251 1700 hostibus
268 1593 423 1700 facultatem
442 1645 600 1714 relinquunt.
636 1645 677 1698 Ita
694 1653 859 1698 commutate
876 1645 1046 1716 sonunaeos,

130 1717 175 1785 qui
197 1717 223 1770 in
243 1733 319 1786 spem
339 1713 523 1786 potiundorum
543 1724 690 1768 castrorum
709 1723 842 1785 venerant,
863 1715 980 1784 undique
998 1717 1048 1770 cir·

130 1794 286 1839 cumventos
299 1785 459 1838 interficiunt
471 1793 498 1837 et
510 1801 545 1837 ex
556 1783 694 1839 hominurn
712 1784 823 1838 milibus
839 1785 955 1854 amplius
972 1801 1047 1855 xxx,

129 1871 210 1934 quern
223 1872 365 1908 numerum
377 1854 546 1933 barbarorum
559 1852 593 1906 ed
606 1863 692 1906 cestra
700 1853 810 1934 'venisse
827 1854 972 1934 constabat²
986 1856 1049 1934 plus

130 1931 207 1976 tertre
224 1933 299 1994 perte
317 1925 456 1977 interfecto
472 1922 586 1992 reliquos
597 1931 749 1992 perterritos
759 1941 785 1976 rn
798 1923 891 1992 fugem
902 1934 1049 1994 conjiciunt
1127 1935 1128 1958 ³

129 2009 162 2046 ec
173 2009 208 2046 ne
219 1993 245 2046 in
258 1993 322 2046 locis
338 1993 447 2063 quidem
465 1993 645 2062 superioribus
662 1993 806 2046 consistere
824 1993 967 2063 patiuntur.
1003 1994 1049 2048 Sic

128 2062 252 2116 omnibus
272 2061 389 2116 hostium
408 2063 492 2134 copiis
511 2061 579 2115 fusis
600 2063 735 2131 armisque
755 2063 843 2114 exutis
862 2077 892 2114 se
911 2063 939 2116 in
960 2072 1050 2118 cestre.
1127 2051 1128 2104 l

129 2131 344 2202 munitionesque
363 2149 425 2186 suas
442 2132 494 2185 reci
517 2132 581 2184 iunt.
617 2131 675 2190 Quo
694 2131 792 2201 proelio
810 2131 888 2199 lacto,
901 2132 972 2200 quod
987 2149 1047 2186 see·

129 2200 190 2270 pius
202 2199 334 2256 fortunam
348 2211 448 2254 tentare
460 2149 547 2255 Galba
558 2199 665 2256 nolebat
675 2209 757 2270 atque
769 2201 822 2255 elio
840 2217 869 2253 se
887 2201 915 2254 in
934 2200 1048 2257 hiberus

128 2269 239 2324 oonsilio
260 2271 365 2324 venisse
389 2271 567 2342 meminerat*
585 2269 647 2324 eliis
669 2269 815 2324 occurrisse
834 2270 914 2324 rebus
935 2271 1047 2343 viderat,

131 2381 167 2388 ...ι-
172 2382 284 2389 ---..--.
297 2385 303 2389 .
312 2385 322 2389 rr
327 2385 343 2389 ..-

158 2435 378 2511 ¹Ltrriput'diorrbur
389 2442 479 2490 nostris
491 2440 511 2488 is
522 2439 564 2488 the
575 2438 680 2487 ebletive
692 2439 818 2488 obsolute:
831 2455 902 2502 quum
910 2440 1048 2501 nostrijon

129 2498 290 2560 longurdrores
300 2509 385 2548 essent.

129 2630 145 2678 b
158 2569 255 2680 ¹9⁰⁸?
267 2582 381 2620 ememor
392 2572 413 2621 is
424 2570 535 2632 herethe
546 2580 656 2621 extreme
672 2571 815 2620 missortune
826 2569 879 2620 thet
891 2587 937 2620 can
947 2569 1023 2621 behll
1033 2587 1050 2621 e

146 2644 227 2690 esrege
255 2647 330 2691 army.
856 2667 859 2674 .

158 2703 224 2752 'See
235 2703 259 2752 ii.
271 2708 308 2752 25.

159 2775 236 2884 ‘ffers
253 2793 305 2838 spes
324 2777 420 2825 herois
438 2787 480 2825 not
500 2781 561 2825 ‘one
579 2775 662 2838 hope,'
679 2778 723 2826 but
742 2776 798 2825 ‘the
813 2775 871 2837 only
886 2776 966 2836 hope!
998 2773 1049 2826 See

131 2851 154 2884 v.
197 2870 202 2883 .

160 2909 296 2958 'cencres
306 2910 591 2970 facit-intermitterent,
605 2910 625 2958 is
636 2927 651 2958 e
664 2909 771 3017 sinpuler
787 2910 959 2968 construction,
977 2910 1049 2960 there
1127 2937 1128 2940 =

131 2969 205 3030 being
215 2983 246 3016 no
257 2968 304 3016 sect
315 2984 342 3016 or
352 2969 433 3028 object
444 2968 472 3016 ol
484 2969 564 3017 which
577 2967 656 3018 Gelbe
671 2969 696 3019 in

132 3089 314 3136 intermitterent
325 3086 345 3134 is
356 3086 501 3145 dependent.

161 3159 226 3208 ‘Sor'
235 3161 367 3230 ¹colligendi
382 3159 448 3216 here,
461 3175 488 3208 es
503 3161 544 3208 rui
559 3177 620 3268 Z?

132 3233 281 3276 expression,
301 3218 395 3266 instead
410 3218 438 3267 of
451 3236 477 3267 re
492 3221 563 3282 eollig
610 3221 637 3277 i,-
657 3220 699 3269 the
714 3221 756 3268 eoi
771 3229 838 3268 most
853 3221 884 3269 be
900 3219 977 3270 tehen
992 3236 1019 3271 es
1033 3236 1050 3270 e

134 3275 218 3336 plural.
250 3277 297 3324 See
309 3278 406 3336 Zumpt,
420 3277 475 3326 Lot.
488 3279 659 3330 Grembdbo.
919 3287 921 3292 ’

162 3346 218 3398 'lio
229 3347 276 3398 hod
287 3349 404 3413 probably
413 3350 488 3402 tehen
498 3367 531 3414 up
541 3351 580 3402 hie
589 3351 676 3402 winter
685 3361 795 3414 quarters
804 3351 866 3402 with
875 3351 917 3402 the
928 3353 1051 3404 intention

706 2985 771 3018 orms
781 2969 820 3018 his
831 2985 896 3026 men,
909 2980 998 3030 except
1008 2969 1048 3018 his
1127 2999 1128 3004 =

132 3029 182 3076 will
193 3043 220 3075 or
231 3027 317 3084 desire,
331 3027 411 3075 which
427 3027 448 3075 is
464 3027 617 3084 understood,
631 3028 677 3076 and
693 3045 724 3076 on
738 3027 819 3076 which
834 3028 876 3077 the
892 3029 1048 3090 subjunctive
1127 3037 1128 3040 ’

621 3163 687 3209 r'endi
701 3161 725 3208 in
742 3160 810 3220 chop.
822 3163 845 3217 4,
860 3160 881 3210 is
897 3175 927 3208 rm
943 3161 1050 3211 unusual
1127 3167 1128 3182 ¹
