2272 3788
149 287 209 352 m
453 304 494 347 ns
514 303 611 349 eruco
630 302 766 348 arsarco.

148 416 248 472 ubseot
259 423 286 468 et
298 413 333 469 ds
344 421 414 468 statu
424 411 539 468 civitatis
556 413 758 482 cognovissent,¹
769 411 919 466 LitavIcum
930 411 1062 469 Btbucts’

148 485 184 540 ab
199 485 298 540 Aeduis
313 493 456 554 receptum,
474 482 543 552 quod
564 493 604 534 est
622 480 750 552 oppidum
768 481 838 550 apud
858 497 906 534 eos
925 484 1061 538 maximae

148 555 315 623 auctoritatis,
340 552 573 620 Conuictolitauem
594 553 777 620 magistratum
799 567 982 620 magnamque
1004 569 1061 622 par·

148 631 203 678 tent
221 632 329 677 senatus
346 622 379 674 ad
397 637 461 674 sum
477 620 639 689 convenisse,
656 620 755 688 legatos
772 619 806 672 ad
819 620 1062 689 Vercingetorigem

148 692 183 748 de
202 709 268 762 pace
286 701 313 746 et
330 691 446 744 atnicitia
457 691 623 743 concilianda
634 688 739 758 publice
751 689 860 741 missos:
880 705 933 742 non
944 700 1061 758 praeter-

148 761 308 816 mittendum
330 769 433 814 tantum
451 759 621 812 commodum
640 757 864 812 existimavenmt.
901 758 1005 828 ltaque,
1024 759 1061 812 in·

148 830 265 884 teriectis
287 828 436 884 Novioduni
459 827 618 896 custodibus,
642 826 750 896 quique¹
773 833 804 879 eo
832 828 989 895 negotiandi
1017 837 1063 882 aut

148 899 250 954 itineris
266 900 354 952 causa‘
370 905 554 966 massuetum,
573 896 712 966 pecuniam
735 905 815 964 atque
838 911 922 965 equos
944 897 1016 950 inter
1032 915 1064 968 se

184 970 234 1023 rtiti
253 977 327 1035 sunt5
344 966 450 1020 obsides
467 966 604 1019 civitatum
622 964 742 1018 Bibracte
759 963 793 1018 ed
811 965 999 1034 magistratum
1016 965 1059 1020 de·

166 1036 282 1090 uoeudos
299 1043 470 1104 curaverunt3
488 1034 622 1105 oppidum,
635 1033 704 1104 quod
721 1033 756 1086 ab
773 1050 802 1086 se
820 1035 904 1086 teneri
917 1052 972 1088 non
984 1052 1059 1105 posse

147 1105 307 1176 judicabant,
320 1122 353 1158 ne
370 1106 413 1158 cui
430 1113 501 1158 esset
512 1103 571 1156 usui
582 1103 714 1172 Romanis,
728 1102 914 1172 incenderunt,
932 1103 1060 1158 frumeuti

148 1175 227 1244 quod⁶
243 1175 329 1228 subito
346 1181 483 1244 potueruut
500 1173 612 1226 navibus
629 1179 779 1240 avexerunt,
798 1171 931 1241 reliquum
943 1174 1059 1226 flumine

147 1254 227 1312 atque
245 1243 365 1296 incendio
382 1251 565 1322 corruperunt3
588 1242 638 1322 ipsi
656 1259 690 1294 ex
707 1241 825 1294 finitimis
837 1241 1002 1309 ,regionibus
1018 1259 1058 1296 co·

147 1313 206 1384 pias
228 1329 329 1382 cogere,
353 1311 483 1383 praesidia
505 1310 691 1379 custodiasque
713 1309 748 1362 ad
768 1309 836 1378 ripas
852 1311 956 1378 Ligeris
973 1311 1057 1382 dispo-

146 1397 219 1453 nere,
231 1383 429 1452 equitatumque
440 1379 564 1434 omuibus
576 1380 648 1449 locis,
658 1378 791 1449 injiciendi
804 1379 906 1432 timoris
917 1396 1009 1448 causa,
1018 1398 1056 1434 os·

147 1461 249 1506 mutare
266 1461 413 1521 coeperunt,
433 1449 455 1508 si
471 1448 506 1502 ab
524 1466 551 1502 re
569 1447 740 1502 frumentaria
756 1449 887 1502 Romanos
904 1449 1056 1520 errcludere²

146 1529 192 1574 aut
211 1520 347 1574 adductos⁸
358 1519 444 1589 inopia
461 1518 646 1639 sxa‘provincia
664 1515 804 1570 excludere
817 1528 933 1586 possent.
970 1519 1056 1577 Quam
1124 1561 1125 1566 ,

146 1589 181 1644 ad
198 1607 276 1660 spem
293 1588 407 1644 multum
423 1605 470 1642 eos
519 1586 634 1657 juvabat,
652 1585 721 1656 quod
739 1585 817 1654 Liger
827 1603 861 1640 ex
879 1587 985 1641 nivibus
1002 1605 1055 1642 cre·
1124 1593 1125 1614 l

147 1668 265 1729 verat,ut
274 1657 508 1712 omninovadonon
522 1673 599 1725 posse
611 1655 714 1708 transiri
726 1654 865 1708 videretur.
1124 1671 1125 1682 ¹

181 1733 223 1782 56.
242 1726 343 1787 Quibus
356 1727 432 1779 rebus
443 1724 538 1794 cogniti
573 1726 669 1778 Caesar
680 1723 865 1778 maturandum
876 1725 926 1778 sibi
944 1727 1052 1790 censuit,

147 1797 170 1850 si
181 1806 252 1850 esset
264 1799 290 1848 in
302 1793 467 1865 perficiendis
478 1743 599 1864 pontibus
616 1791 826 1868 periclitandum,
839 1803 867 1846 ut
884 1794 958 1864 prius
975 1813 1054 1865 quarn

147 1877 237 1919 essent
248 1865 361 1938 majores
378 1881 410 1916 co
427 1873 533 1918 coactae
545 1863 644 1933 copiae,
658 1861 804 1916 dimicaret.
841 1863 921 1932 Nam,
934 1864 973 1916 ut⁷
984 1881 1052 1918 corn·
1108 1885 1109 1890 ¹

146 1943 248 1986 mutato
266 1934 373 1986 consilio
391 1933 440 1986 iter
456 1933 482 1986 in
500 1932 660 2002 provinciam
678 1940 848 1998 converteret,
860 1941 889 1985 ut
906 1949 959 1986 uon
977 1950 1052 1986 nemo

147 2010 210 2055 tuuc
233 2001 339 2071 quidem
363 2002 510 2054 necessario
533 2000 686 2053 faciundum
708 2000 884 2070 existimabat,
908 2018 995 2070 quum
1016 2004 1052 2056 in-

147 2069 228 2124 lamia
243 2079 324 2140 atque
342 2071 483 2139 indignitas
500 2071 538 2123 rei
556 2077 583 2122 et
600 2069 734 2138 oppositus
751 2085 827 2122 mous
844 2070 970 2127 Ceveum
989 2073 1051 2124 riar-

176 2195 184 2222 ¹
195 2190 344 2261 Cognoscere,
360 2198 400 2241 ‘tc
409 2193 494 2241 collect
506 2191 654 2240 information
666 2193 738 2239 about
750 2208 764 2239 a
775 2191 825 2239 thin
850 2193 866 2249 ς’
885 2194 926 2241 but
939 2210 966 2242 ae
978 2207 1001 2242 at
1012 2195 1050 2242 the

146 2266 213 2300 same
224 2261 282 2300 turre
296 2253 314 2299 it
329 2251 436 2300 contains
452 2251 493 2300 the
510 2250 564 2299 idea
579 2251 606 2298 of
621 2249 750 2311 ‘learning'
763 2256 809 2298 or‘
833 2252 987 2314 recovering,'
1001 2255 1017 2302 it
1032 2255 1051 2302 is

146 2310 258 2372 followed
269 2313 300 2371 by
311 2310 351 2359 the
362 2311 496 2360 accusative
508 2309 567 2357 with
578 2309 619 2356 the
629 2309 752 2357 infinitivo.
780 2309 856 2357 Sense
863 2311 874 2357 ι’
887 2311 985 2360 ‘When
997 2313 1051 2372 they

146 2369 317 2478 phaptgeqlpered
328 2369 479 2418 information
488 2370 560 2417 about
571 2368 612 2416 the
623 2367 779 2416 conditiones
786 2369 826 2418 the
837 2379 909 2425 state,
919 2371 967 2420 and
978 2372 1049 2420 learnt

260 2444 273 2478 e

174 2504 184 2532 ¹
193 2464 307 2558 librante,
319 2502 360 2550 the
372 2500 470 2549 modern
478 2499 571 2556 Autan,
582 2498 597 2546 i.
605 2501 642 2555 23,
653 2507 708 2546 note
718 2503 740 2547 2.
765 2499 835 2548 Latin
845 2517 929 2550 names
939 2503 968 2551 of
975 2513 1049 2554 towns

146 2561 173 2610 oi
181 2560 221 2610 the
232 2560 284 2609 first
295 2559 432 2608 deciension
442 2559 529 2620 ending
537 2558 562 2606 in
570 2575 589 2614 e,
598 2573 624 2606 aa
634 2557 1000 2619 caere,ueau‚1³rmare,are
1011 2574 1049 2624 put

146 2621 172 2668 in
181 2620 222 2668 the
234 2619 345 2675 ablative,
359 2619 383 2666 in
393 2633 486 2667 auswer
497 2627 522 2665 to
532 2617 572 2666 the
584 2617 696 2676 question
706 2617 805 2667 wheret

176 2694 185 2723 ¹
194 2691 281 2740 Before
292 2693 377 2753 quique
387 2690 473 2750 supply
484 2691 523 2739 iia.

157 2763 291 2844 '‘Itinerjs
309 2781 388 2821 causa,
412 2762 465 2812 ‘led
485 2764 518 2824 by
535 2775 550 2812 a
566 2760 686 2823 journey,'
706 2777 733 2810 or
753 2762 791 2812 ‘in
811 2775 975 2826 consequence
996 2767 1051 2818 oio

152 2835 267 3004 10ῗὲιῖἶᾶ
282 2893 325 2944 hes
342 2893 382 2943 the
399 2893 510 2956 meaning
525 2891 553 2942 os
565 2891 655 2942 lautum
671 2878 791 2956 quonium,
806 2898 936 2948 ‘us'rnuch
952 2889 979 2950 as
997 2901 1050 2962 they

148 2971 313 3074 ⁰⁰:111thoe
323 3028 439 3074 occludere
445 3009 554 3088 poem·
569 3023 619 3072 that
628 3025 657 3083 is,
668 3025 791 3076 ‘whether
798 3027 856 3090 they
862 3031 941 3088 could,
950 3033 983 3092 by
989 3044 1050 3082 want

149 3085 178 3194 <gg
184 3084 436 3204 liidvplllddlig’aeplwm
447 3084 513 3132 them
524 3083 585 3132 from
596 3085 736 3146 retuming:
749 3101 775 3134 or
788 3093 842 3136 ‘cut
853 3087 890 3137 off
901 3090 963 3140 their
973 3103 1051 3142 retum

179 3217 188 3244 ¹
201 3215 233 3264 Ut
253 3215 310 3264 bere
322 3215 341 3262 is
355 3215 479 3276 ‘granting
488 3215 558 3272 that,’
573 3215 719 3276 ‘supposing
732 3215 802 3274 thar:
815 3219 886 3268 while
902 3222 927 3270 in
941 3223 983 3272 the
998 3235 1051 3274 next

152 3272 233 3320 clause
243 3272 284 3320 the
295 3283 321 3320 ut
337 3273 443 3332 signifies
456 3275 520 3320 ‘as:’
541 3274 590 3320 ‘ior
605 3276 734 3336 supposing
750 3275 780 3322 be
796 3277 901 3328 directed
916 3280 954 3330 his
970 3298 1050 3333 course

152 3329 256 3378 towards
267 3330 307 3378 the
318 3331 437 3390 province,
451 3344 477 3379 es
488 3347 554 3380 some
565 3347 664 3391 persons
677 3331 752 3392 then*
766 3337 813 3384 dcc.
