2272 3788
460 317 552 359 arses
572 317 624 358 vn.
698 328 700 336 ·
952 297 1005 356 lut

109 431 159 482 36.
180 425 279 482 Caesar
296 438 331 482 ex
349 443 381 481 eo
398 427 456 482 loco
474 427 574 498 quintis
588 425 694 479 castris¹
705 424 866 495 Gergoviam
879 425 1008 495 pervenit,

65 499 253 568 equestrique
266 498 365 578 proelio
377 513 409 550 eo
422 498 465 550 die
477 497 530 550 levi
544 497 621 566 facto,
634 505 772 566 perspecto
785 495 858 550 urbis
870 495 929 563 situ,
939 511 1009 563 quae

64 569 167 638 posita
185 567 212 620 iu
230 567 363 620 altissimo
377 575 470 621 monte
487 582 582 620 omnes
598 565 687 617 aditus
699 563 825 618 difficiles
836 563 962 634 habebat,
976 564 1010 617 de

67 639 279 707 expugnatione
298 636 466 705 desperavit,
485 636 520 688 de
537 634 692 686 obsessione
710 649 763 686 non
775 634 848 702 prius
864 632 1010 702 agendum¹

67 707 226 776 constituit,
245 722 327 774 quarn
347 722 403 758 rern
422 704 625 757 frumentariam
649 703 812 772 expedisset.
849 704 885 755 At
902 703 1010 756 Vercin-

67 775 191 846 getorix,
206 775 300 827 castris
317 790 398 844 prope
416 773 546 844 oppidum
563 775 590 824 in
608 781 699 827 monta
718 772 817 852 positis,
831 771 1012 826 mediocribus

69 845 185 897 circum
203 861 233 896 se
252 843 399 897 intervallis
416 843 561 913 separatim
579 841 745 909 singularum
763 842 905 894 civitatum
921 842 1011 912 copias

69 913 275 980 collocaverat,
293 921 319 964 at
339 929 374 965 ue
392 912 518 965 omnibus
530 910 590 980 ejus
605 909 663 980 jugi
674 910 789 980 collibus
799 911 944 982 occupatis,
957 928 1012 979 qua

70 983 185 1052 despici
198 984 320 1052 poterat,⁸
350 981 484 1034 orribilem
503 998 515 1032 s
536 980 623 1049 eciem
642 980 803 1049 praebebat:
823 980 1011 1050 principesque

71 1067 176 1104 earum
187 1047 335 1122 civitatum,
346 1067 413 1120 quos
425 1051 475 1104 sibi
488 997 678 1102 adbocsilium
689 1049 853 1118 capiendum
865 1050 1010 1120 delegerat,

71 1122 168 1192 prima
180 1121 241 1173 luce
253 1121 370 1189 quotidie
383 1119 418 1173 ad
430 1137 460 1173 se
471 1119 582 1190 jubebat
594 1119 745 1187 convenire,
757 1119 878 1189 seuquid
891 1136 1011 1172 commu·

71 1189 235 1260 nicandum,
249 1207 298 1242 seu
315 1189 379 1259 quid
397 1189 640 1243 administrandum
653 1188 803 1241 videretur:
823 1205 912 1257 neque
926 1189 1010 1242 ullum

72 1259 137 1313 fere
150 1259 224 1312 diem
237 1257 436 1329 intermittebat,
447 1259 513 1328 'quin
526 1258 644 1338 equestri
657 1257 763 1328 proelio,
774 1258 920 1327 interjectis
933 1260 1010 1326 sagit-

75 1329 162 1398 tariis,
176 1328 240 1396 quid
254 1329 281 1380 in
296 1344 407 1398 'quoque
424 1337 497 1381 esset
515 1327 597 1380 animi
609 1343 642 1380 ac
653 1327 759 1380 virtutis
777 1343 893 1396 suorum,
907 1329 1011 1396 pericli-

72 1407 189 1452 taretur.
227 1399 290 1451 Erat
303 1415 318 1450 e
332 1399 437 1465 regione
455 1397 547 1467 oppidi
558 1396 633 1448 collis
651 1395 701 1448 sub
713 1396 779 1465 ipsis
790 1395 925 1449 radicibus
937 1415 1011 1450 mon-

74 1469 121 1534 tis,
143 1468 250 1536 egregie
269 1467 388 1525 munitus
406 1475 488 1536 atque
506 1483 540 1519 ex
557 1466 630 1518 omni
643 1473 718 1534 parte
730 1465 904 1518 circumcisus
917 1467 1011 1536 (quem

75 1537 101 1590 si
114 1545 238 1590 tenerent
251 1537 339 1605 nostri,
353 1544 381 1604 et
392 1552 479 1604 aquae
498 1551 597 1603 magna
645 1542 684 1586 rte
696 1541 723 1586 et
735 1533 914 1604 pabulatione⁴
927 1535 1012 1588 libera

74 1605 237 1676 prohibituri
262 1604 354 1658 hostes
371 1604 547 1674 videbantur,
572 1620 602 1655 se
638 1604 662 1656 is
680 1603 906 1675 locus-praesidio
924 1603 959 1657 ab
977 1605 1011 1657 iis

75 1691 132 1728 non
145 1674 227 1727 nimis
244 1675 320 1728 firmo
339 1673 491 1742 tenebatur)
499 1690 507 1742 3
526 1673 627 1731 tamen*
640 1672 746 1725 silentio
757 1673 842 1726 noctis
854 1673 960 1741 Caesar,
974 1691 1009 1726 en

76 1744 174 1797 eastris
191 1759 322 1812 egressus,
336 1744 409 1812 prius
426 1759 510 1812 quam
528 1741 645 1796 subsidio
658 1759 693 1794 ex
704 1742 801 1812 oppido
814 1742 898 1796 veniri
910 1752 1009 1813 posset,

76 1813 186 1883 dejecto
203 1812 335 1882 praesidio
346 1813 446 1882 potitus
458 1813 523 1881 loco,
537 1811 605 1864 duas
618 1811 654 1864 ibi
666 1811 786 1880 legiones
798 1811 946 1880 collocavit,
958 1811 1010 1866 sos·

77 1899 193 1951 sanique
211 1881 247 1935 du
267 1881 348 1934 licem
368 1881 524 1935 duodenum
543 1880 646 1950 pedum
665 1899 683 1933 a
698 1880 845 1952 majoribus
864 1883 958 1934 castris
975 1881 1010 1934 ad

76 1952 183 2006 minora
195 1968 229 2020 pe
262 1951 327 2020 uxit,
340 1959 369 2004 ut
381 1958 438 2004 tuto
456 1951 490 2004 ab
506 1951 643 2020 repentino
663 1950 780 2004 hostium
799 1950 1010 2006 incursu—etiam

77 2020 177 2090 singuli
189 2037 342 2073 commeare
355 2028 472 2090 possent.
528 2083 530 2086 ¹
870 2019 877 2031 ‘

114 2095 156 2143 37.
176 2090 248 2143 Dum
273 2089 343 2144 haec
372 2089 406 2142 ad
434 2090 597 2158 Gergoviam
624 2100 760 2160 geruntur,
792 2091 1009 2144 Convictolitanis

77 2159 199 2229 Aeduus,
214 2159 257 2212 oui
275 2159 464 2227 magistratum
483 2159 669 2228 adjudicatum
680 2175 697 2212 a
709 2161 825 2215 Caesare
843 2160 1008 2214 demonstra·

77 2229 185 2298 rimus‚⁰
196 2228 356 2282 sollicitatus
367 2229 402 2282 ab
414 2231 543 2283 Arvernis
554 2229 676 2299 pecunia,
690 2246 753 2283 curu
791 2229 933 2283 uibusdam
946 2229 1008 2282 adu·

77 2297 243 2352 lescentibus
260 2298 327 2351 collo
346 2299 424 2368 uitur,
444 2312 556 2368 quorum
574 2306 631 2350 erat
643 2301 768 2367 princeps
802 2299 1009 2368 itaviousatque

77 2368 139 2438 ejus
156 2366 259 2437 fratres,
279 2315 446 2438 amdissima
462 2367 566 2421 familia
584 2366 640 2421 nati
657 2365 851 2420 adolescentes.
888 2368 958 2421 Cum
976 2369 1009 2421 iis

107 2523 149 2570 Ἀ
162 2522 260 2572 Roman
275 2539 344 2584 ermy
354 2539 386 2572 on
400 2515 432 2572 its
443 2523 635 2583 merchpitched
645 2523 677 2571 its
689 2538 759 2582 camp
770 2539 845 2584 every
856 2525 969 2586 coming,
982 2537 1008 2575 to

78 2580 155 2642 spend
166 2581 208 2629 tlie
219 2582 288 2642 night
299 2583 324 2630 iu
335 2583 368 2640 it;
387 2583 488 2631 whence
498 2585 591 2644 quintis
601 2584 688 2631 castris
700 2582 721 2631 is
731 2582 871 2642 equivalent
887 2592 914 2632 to
924 2587 1008 2645 quinto

79 2643 125 2698 die,
138 2655 173 2697 or,
189 2641 265 2689 ‘alter
276 2657 290 2688 a
301 2641 406 2702 journey
417 2641 446 2689 of
457 2641 506 2690 five
517 2642 594 2703 days.¹
905 2648 909 2652 ’

74 2743 77 2746 ·
107 2728 265 2790 ’Agendum
282 2729 376 2786 thetis,
389 2731 548 2791 cogitandum.

108 2815 234 2878 'Despici,·
251 2817 378 2877 supply-in
388 2809 467 2865 ourlro
476 2816 592 2866 Bouiano.

108 2901 266 2963 ⁴According
274 2911 299 2950 to
311 2903 353 2950 the
364 2901 477 2964 ordinary
484 2903 554 2952 moda
563 2903 592 2952 of
598 2906 726 2968 speaking,
734 2923 772 2957 we
779 2907 869 2958 should
877 2909 935 2958 here
944 2909 1007 2958 have

80 2977 141 3023 aqua
152 2960 213 3016 (that
225 2960 254 3017 is,
267 2963 295 3009 ab
305 2968 389 3024 aqua),
444 2981 500 3011 nam
512 2972 603 3026 purtem
614 2972 650 3021 (or
659 2983 747 3029 magno
759 2978 838 3030 porte,
853 2973 893 3016 ‘to
909 2984 924 3016 n
968 2979 1007 3016 eat

81 3021 215 3074 extent’)et
262 2980 503 3072 inrationamlhere
521 3024 541 3072 is
558 3039 589 3072 sn
606 3023 740 3084 irregularit
768 3027 794 3074 in
809 3027 852 3075 the
869 3042 939 3076 usco
965 3027 1006 3076 the

80 3079 183 3130 ablativo
261 3082 349 3128 latiam
359 3081 455 3129 instead
465 3080 493 3129 os
505 3082 547 3131 the
558 3083 665 3144 genitive
672 3087 735 3146 pabo
762 3087 844 3143 tucis,
858 3085 1004 3146 dependent,

80 3140 129 3188 like
140 3154 222 3198 aquus,
235 3154 399 3202 uponmcguo
406 3149 484 3202 porte.

109 3229 118 3256 ⁵
129 3225 217 3274 Tamen
228 3225 286 3274 here
296 3226 372 3276 refers
382 3237 408 3275 to
419 3227 460 3276 the
477 3228 532 3276 ideo
546 3228 575 3277 of
588 3229 740 3293 ‘although’
753 3230 834 3281 which
845 3231 866 3280 is
877 3232 1006 3282 contained

82 3286 106 3334 in
116 3284 156 3332 the
167 3284 247 3333 words
259 3288 352 3348 egregio
361 3289 479 3354 mundus,
493 3287 541 3336 dcc.
729 3313 737 3326 -ι

109 3371 173 3421 ‘See
184 3371 225 3421 vii.
236 3375 273 3422 33.
