2272 3788
453 311 546 354 areas
565 312 619 354 sn.
929 295 996 360 ‘186

72 419 170 482 teriepr
180 417 216 472 de
228 435 304 498 muro
315 419 342 472 in
353 435 480 490 aggerem
493 420 600 474 eminus
610 420 754 490 J'eciebsnt,
764 421 854 492 picem
867 425 994 494 reliquas·

70 505 190 559 queres,
203 487 301 558 quibus
320 489 390 556 ignis
409 490 518 543 excitari
537 497 631 560 potest,
644 489 792 544 fundebant
799 508 807 560 3
825 501 862 562 ut,
875 509 928 562 quo
943 495 993 564 pri·

70 575 149 611 mum
173 566 362 625 occurreretur,
383 565 430 610 aut
452 559 497 611 oui
516 559 555 611 rei
576 557 687 613 ferretur
706 559 844 630 auxilium,
865 563 909 614 vix
929 561 995 620 ratio
1046 599 1056 629 ·.

71 627 132 688 iniri
155 635 255 696 posset.
291 627 402 696 Temen,
421 627 491 697 quod
516 627 635 682 instituto
655 627 776 682 Gesseris
797 629 867 682 duae
888 648 994 702 semper

70 695 193 764 legiones
212 711 259 766 pro
279 694 374 750 castris
393 695 570 764 excubabant,
583 695 732 770 pluresque¹
750 697 853 768 partitis
870 701 992 768 tempori·

70 764 124 818 bus
136 774 213 818 erent
225 765 251 816 in
267 780 357 842 opere,
368 762 491 817 celeriter
509 763 612 818 fectum
631 774 689 834 est„
701 774 729 822 ut
748 767 795 820 alii
811 768 994 837 emptionibus

70 834 236 912 resisterent,
257 833 304 884 uhi
326 839 412 885 turres
435 833 603 887 reducerent¹
620 851 801 915 aggeremque
821 837 993 894 interscinde-

69 903 150 972 rent,⁸
162 918 248 955 omme
260 917 323 954 vero
335 917 370 954 ex
387 901 481 956 cestrie
498 901 640 956 multitudo
653 903 689 956 ed
701 905 921 974 restinguendum
932 922 993 963 coe·

69 981 200 1026 curreret.
240 1019 245 1024 .

108 1044 151 1092 25.
170 1039 265 1099 Quum,
281 1039 307 1092 in
326 1037 452 1092 omnibns
470 1037 536 1093 locis
562 1048 703 1097 consumto
720 1040 778 1111 ‘pm
795 1042 898 1112 reliqua
921 1033 923 1038 ’
954 1053 993 1102 rte

70 1109 166 1178 noetis,
180 1106 350 1178 pugnaretur,
362 1124 523 1178 semperque
536 1077 658 1161 hostibus
669 1104 866 1178 spes'vietoriae
879 1129 907 1165 re
926 1113 992 1168 iute-

68 1185 194 1248 gratetur
189 1217 209 1298 lp
229 1193 261 1229 eo
279 1177 372 1246 magis,
391 1178 462 1246 quod
483 1176 592 1230 deustos
610 1177 715 1246 pluteos
733 1180 844 1234 turrium
857 1178 992 1251 ridebant,

69 1263 123 1300 nec
144 1245 224 1299 fao'e
244 1246 318 1298 adire
337 1248 452 1314 apertos
471 1245 505 1298 ad
525 1245 707 1300 auxiliandum
728 1248 996 1319 animadvertebant,

69 1332 234 1386 semperque
247 1315 297 1384 ipsi
309 1323 432 1367 recentes
443 1314 558 1368 defessis
566 1315 750 1386 succederent,
759 1332 923 1387 omnemque
931 1317 993 1375 Gel-

69 1383 125 1438 h'ae
147 1383 262 1438 salutem
282 1384 308 1436 in
329 1381 375 1434 illo
386 1384 497 1452 vestigio
515 1384 642 1453 temporis
658 1385 772 1454 positam
789 1385 992 1442 arbitrarentur:

68 1453 180 1523 accidit,
197 1451 408 1522 inspectantibus
426 1453 511 1532 nobis,
528 1452 606 1522 quod,
623 1451 732 1522 dignum
752 1454 882 1513 memoria
894 1453 991 1526 risum,

69 1521 337 1594 praetermittendum
356 1537 410 1574 non
430 1522 507 1574 existi
537 1521 650 1575 erimus.
687 1520 803 1580 Quidem
815 1532 878 1576 ente
889 1533 992 1594 portem

68 1589 164 1662 oppidi
181 1591 283 1660 Gallus,
302 1589 349 1669 qui
369 1607 416 1660 per
436 1607 498 1660 man
532 1591 541 1618 ⁸
561 1591 617 1642 seri
637 1607 670 1642 ac
689 1591 758 1660 picis
774 1591 884 1646 traditas
899 1592 994 1660 glebas

70 1661 99 1714 in
119 1661 212 1730 iguem
232 1677 247 1712 e
269 1675 375 1726 regione
396 1659 660 1729 turris'projieiebat,
682 1660 828 1730 scorpione·
850 1661 885 1714 eb
909 1661 992 1716 fatere

68 1731 166 1784 dextro
178 1727 338 1798 transjectus
358 1729 579 1798 exanimatusque
598 1728 721 1782 concidit.
757 1729 835 1782 Hune
854 1745 889 1786 ex
935 1731 992 1786 osi·

69 1799 124 1853 mis
144 1815 213 1852 unus
235 1797 240 1807 '
259 1805 366 1850 centem
387 1799 574 1866 transgressus,
591 1797 686 1851 eodem
707 1797 753 1850 ilio
771 1815 881 1852 munere
911 1816 993 1868 unge-

68 1869 166 1922 batur:
190 1884 221 1920 ea
241 1883 287 1920 em
307 1866 406 1920 ratione
426 1866 481 1922 ictu
502 1866 646 1936 scorpionis
666 1867 920 1938 exanimutcaltsm,
934 1885 993 1922 suc·

69 1937 155 1991 cessit
174 1937 267 1990 tertius
284 1943 312 1991 et
330 1934 406 2004 tertio
417 1943 527 2005 quartus
534 1952 542 2004 3
560 1953 612 1988 nec
623 1936 697 2005 prius
708 1935 753 1989 ille
766 1943 806 1989 est
817 1951 837 1988 a
846 1953 993 2007 propugna»

69 2007 174 2060 toribus
193 2021 295 2058 vacuus
315 2003 426 2057 relictus
444 2003 527 2074 locus,
546 2021 628 2074 quarn
650 2005 774 2059 restincto
794 2021 891 2075 aggere
911 2016 993 2078 atquo

34 2106 37 2110 ·
69 2076 144 2130 omni
157 2083 232 2146 perte
245 2073 376 2144 submoti
388 2072 510 2127 hostibus
520 2075 581 2128 finis
593 2083 634 2128 est
646 2074 781 2144 pugnandi
791 2074 889 2130 fectus.
974 2129 976 2132 Α
1033 2069 1034 2074 ’

107 2150 150 2198 26.
171 2143 267 2198 Omnia
285 2142 395 2210 experti
407 2141 485 2212 Galli,
502 2143 572 2212 quod
593 2161 636 2196 res
655 2143 729 2197 nulle
740 2152 921 2216 successerat,
935 2159 994 2215 pce

70 2223 129 2268 tero
142 2213 187 2266 die
199 2212 341 2265 eonsilium
356 2220 485 2280 ceperunt
504 2229 538 2265 ex
556 2212 653 2282 oppido
673 2211 819 2282 profugere,
833 2211 958 2276 hortante
966 2221 993 2267 et

68 2284 182 2364 jubente
194 2279 419 2349 Vercingetorige.
445 2281 486 2340 ,Id
504 2281 609 2334 silentio
627 2281 712 2336 noctis
723 2283 817 2351 consti,
831 2299 882 2334 non
895 2299 994 2350 magne

67 2361 174 2424 pectore
197 2367 306 2404 suorum
330 2365 390 2401 sese
416 2348 559 2402 effecturos
585 2349 735 2418 sperabant,
760 2361 899 2418 propterea
922 2349 993 2419 quod

69 2429 161 2494 neque
185 2421 266 2498 iunge
287 2418 322 2472 eb
344 2417 443 2488 oppido
466 2427 554 2470 castra
576 2417 800 2486 Vercingetorigis
822 2417 941 2488 aberant,
966 2427 993 2472 st

98 2592 107 2620 ¹
118 2588 272 2649 Pluresqrrcr
290 2586 378 2647 supply
389 2587 501 2650 legiones.
798 2643 800 2648 ι

70 2661 238 2768 wgfflmm
256 2661 276 2708 is
295 2665 335 2708 ‘to
352 2659 399 2708 roll
418 2657 501 2714 beek,’
519 2655 556 2706 for
571 2657 614 2712 tha
633 2655 745 2705 movebis
764 2665 856 2704 tcwers
873 2653 944 2703 stood
962 2669 995 2702 on

98 2791 328 2853 'Intersciodereea
345 2791 411 2838 ‘thet
422 2761 482 2848 they
492 2765 640 2836 intersected
648 2758 690 2836 the
701 2787 792 2837 mound
800 2786 816 2844 ;'
833 2785 887 2834 thet
898 2785 927 2843 is,
940 2784 993 2834 thet

69 2850 129 2912 they
141 2851 269 2911 separated
280 2851 322 2898 the
332 2858 385 2909 pert
397 2841 478 2896 which
488 2863 540 2894 wes
550 2846 718 2902 undermined,
731 2845 779 2894 and
789 2843 916 2894 contained
927 2859 992 2892 oom-

69 2910 178 2961 bustible
189 2908 322 2965 materiale,
335 2908 400 2957 from'
408 2907 460 2954 thet
473 2915 525 2966 pert
537 2905 617 2954 which
629 2921 680 2954 was
691 2914 732 2953 not
744 2908 785 2966 yet
797 2901 963 2953 undermined.

99 2984 225 3046 ‘Apertas
235 2981 294 3030 here
305 2981 326 3028 is
340 2979 514 3046 ‘unprotected
525 2981 559 3040 by
569 2977 611 3026 the
619 2978 713 3040 plutei!

99 3054 264 3105 r'rheusurs
274 3053 367 3102 formed
378 3069 393 3102 a
402 3052 461 3109 line,
468 3051 497 3099 in
505 3051 586 3100 which
597 3050 668 3098 those
678 3049 741 3098 belle
750 3064 815 3098 were
826 3046 922 3097 hended
932 3045 995 3114 from

71 3115 175 3166 theone
192 3124 218 3162 to
235 3113 277 3162 the
294 3113 374 3169 other,
386 3112 449 3160 until
466 3110 507 3160 the
525 3110 572 3160 last
589 3107 667 3158 threw
678 3109 746 3161 them
763 3109 814 3158 into
830 3107 873 3156 the
890 3108 994 3166 burmng

71 3172 234 3224 towerofths
247 3172 364 3220 Romans.
405 3187 406 3192 ¹
515 3187 516 3192 ¹
823 3189 825 3194 ‚
968 3184 972 3190 -

99 3243 175 3296 ‘The
192 3244 282 3306 scorpio
293 3257 345 3290 was
360 3236 599 3297 emissile,'thrown
614 3240 648 3299 by
658 3238 700 3287 the
717 3237 797 3296 hand;
815 3238 833 3286 it
844 3252 895 3285 was
911 3233 991 3291 small,

71 3307 113 3353 but
127 3301 188 3351 with
202 3317 263 3361 very
273 3301 319 3348 she
361 3300 451 3359 points,
465 3314 493 3348 so
509 3298 563 3367 thet
579 3298 638 3358 they
648 3295 791 3358 penetrated
807 3296 868 3358 deep
884 3296 936 3347 into
951 3293 994 3343 the

72 3363 146 3422 body,
160 3360 323 3468 apgproduce
348 3358 407 3407 fatal
418 3357 564 3468 vrcunds.q
