2272 3786
460 321 552 366 mna
572 318 628 364 τι·
943 307 998 368 151

73 431 120 488 sai*
132 430 270 486 oeusa'ad
289 441 356 486 eunt
372 429 474 500 legatos
486 429 601 502 mittunt,
614 429 661 500 qui
678 429 793 484 doceant
804 445 892 501 neque
904 446 940 486 ex
952 449 1001 486 suu

72 501 184 555 civitate
196 501 297 554 auxilia
309 501 337 553 in
348 500 471 552 Treviros
486 500 576 569 missa,
590 516 678 569 neque
690 499 726 552 ab
738 516 767 552 se
779 499 863 553 fidem
881 499 998 554 laesam:

71 577 169 640 petunt
193 575 276 638 atque
294 576 377 638 orant,
397 577 426 621 ut
446 569 496 622 sibi
516 577 616 638 percat,
637 583 672 622 ue
692 567 829 622 communi
848 568 917 622 odio¹
936 571 1000 624 Ger·

70 652 217 692 manorum
235 641 391 690 innocentes
425 653 452 689 ro
470 636 627 690 nocentibus
640 651 741 707 poenas
757 637 890 716 pendant:
910 637 932 691 si
944 655 1000 692 am·

70 707 154 778 plius'
170 707 297 760 obsidum
310 706 383 776 velit,
415 722 460 758 are
477 705 645 776 pollicentur.
681 705 792 774 Cognita
803 706 901 760 Caesar
919 721 1002 762 cauta

71 775 180 845 reperit,
194 775 231 828 ab
242 775 339 828 Suevis
349 774 448 827 auxilia
465 776 549 828 missa
561 789 629 844 esse,
643 773 774 828 Ubiorum
791 773 1001 830 satisfactionem

70 845 190 966 accepiq,
203 844 293 897 aditus
303 844 414 923 viasque
426 843 453 896 in
465 842 567 896 Suevos
578 842 714 912 perquirit.

110 917 152 966 10.
186 913 283 966 nterim
300 928 394 982 pauore
411 919 470 982 post
481 911 579 964 diebus
597 911 625 964 tit
643 910 679 964 ab
690 907 768 964 Ubiis
785 913 887 984 certior,
900 911 1002 966 Suevos

69 995 171 1035 omnes
191 997 277 1036 uuum
296 980 432 1033 inlocum
455 980 546 1050 copies
569 994 664 1048 cogere
687 988 769 1048 atque
789 979 823 1032 iis
841 980 1000 1052 nationibus,

69 1065 145 1120 quae
157 1049 211 1104 sub
222 1065 315 1103 eorum
328 1049 378 1102 siut
390 1049 510 1118 imperio,
520 1047 691 1116 denunciare,
704 1049 742 1101 uti
755 1048 855 1102 auxilia
866 1050 1003 1120 peditatus

70 1119 267 1188 equitatusque
285 1118 402 1171 mittant.
437 1118 486 1170 His
497 1117 611 1186 cognitis
629 1116 717 1185 rebus,
731 1133 788 1169 rem
801 1116 1002 1174 frumentariam

69 1184 205 1258 providet,
229 1187 324 1242 castris
347 1185 474 1239 idoneum
496 1184 587 1240 locum
610 1185 710 1254 deligit,
730 1185 807 1239 Ubiis
830 1187 952 1260 imperat,
972 1196 1002 1242 ut

69 1269 173 1326 peoora
191 1252 327 1308 deducant
344 1270 446 1324 suaque
464 1254 554 1307 omnia
566 1269 600 1307 ex
611 1254 682 1322 agria
699 1253 725 1306 in
743 1253 841 1324 oppida
856 1256 1000 1329 conferant,

71 1339 188 1396 sperans
200 1323 326 1377 barbaros
343 1331 424 1393 atque
442 1323 579 1392 imperitos
596 1322 726 1392 homines,
740 1323 828 1394 iuopia
840 1323 1001 1379 cibariorum

70 1392 215 1462 adductos,
234 1392 269 1445 ad
289 1393 409 1462 iniquam
429 1390 565 1512 pugnandi
586 1390 766 1444 conditionem
787 1407 865 1460 posse
885 1392 999 1447 deduci:

69 1461 195 1530 mandet,
211 1468 241 1518 ut
260 1461 367 1514 cr'ebrcs
384 1475 437 1530 exp
446 1468 562 1512 oratores
580 1460 607 1514 in
624 1459 726 1513 Suevos
743 1460 857 1530 mittant,
875 1478 1001 1534 quaeque

70 1529 147 1600 apud
177 1544 226 1582 eos
251 1537 384 1600 gerantur,
408 1536 578 1598 cognoscant.
625 1528 667 1581 llli
692 1527 824 1598 imperata
849 1529 951 1583 faciunt
974 1540 1002 1584 et

71 1599 169 1670 paucis
181 1597 280 1651 diebus
290 1597 448 1651 intermissis
460 1597 586 1667 referunt,
596 1597 697 1650 Suevos
708 1613 811 1667 omnes,
825 1605 1002 1670 posteaquam

71 1668 205 1721 certiores
222 1667 312 1721 nuncii
323 1666 359 1720 de
371 1667 490 1720 exercitu
502 1667 682 1719 Romanomm
693 1666 822 1736 venerint,
836 1681 899 1720 cum
917 1667 1001 1721 oroni-

71 1735 127 1790 bus
143 1736 202 1789 suis
220 1737 405 1805 sociorumque
423 1735 513 1806 copiis,
527 1749 596 1814 quas
612 1735 771 1804 coegissent,
819 1735 943 1788 nitus¹ad
956 1753 1001 1790 ex·

70 1812 177 1858 nemos
194 1805 262 1858 fines
280 1821 340 1858 sese
352 1819 413 1858 rece
433 1805 502 1857 isse:
523 1803 617 1856 silvam
630 1817 691 1856 esse
703 1803 738 1857 ibi
752 1804 779 1856 in
819 1805 855 1857 ita
868 1805 1000 1874 magnitu-

69 1873 146 1942 dine,
160 1889 232 1942 quae
243 1872 394 1944 appellatur
427 1872 537 1942 scenis,⁴
548 1871 618 1926 banc
630 1871 708 1940 longe
720 1872 847 1927 introrsus
859 1875 1000 1945 pertinere,

70 1949 99 1996 et
119 1957 167 2012 pre
186 1940 285 1994 nativo⁶
301 1957 378 1994 muro
395 1940 537 2011 objectam,
551 1941 701 1994 Cheruscos
717 1940 754 1994 ab
771 1941 872 2012 Sueris,
889 1943 1000 1998 Suevos·

68 2026 128 2081 que
151 2010 189 2063 ab
212 2009 360 2081 Cheruscis,
382 2010 484 2081 injuriis
506 2009 756 2080 incursionibusque
780 2011 947 2080 prohibere:⁸
966 2013 1001 2067 ud

68 2080 135 2150 ejus
153 2078 259 2158 initium
280 2078 364 2148 silvae
375 2079 478 2133 Suevos
494 2079 641 2133 adventum
653 2079 833 2134 Romanmum
844 2091 1007 2153 exspectare¹

68 2155 255 2202 constituisse.

110 2221 153 2270 11.
172 2215 305 2274 Quoniam
323 2216 357 2268 ad
375 2215 447 2270 hunc
465 2216 554 2269 locum
572 2224 733 2295 perventum
750 2225 799 2287 est,
812 2234 865 2273 non
882 2219 1000 2273 alienum

68 2301 135 2340 esse
157 2283 262 2338 videtur
282 2285 317 2337 do
337 2284 440 2338 Galliae
459 2285 672 2354 Germaniaeque
691 2286 810 2340 moribus
829 2297 856 2340 et
896 2305 928 2341 uo
949 2287 1000 2342 dil·

66 2355 161 2409 feraut
184 2353 235 2408 lure
258 2355 380 2406 nationes
403 2353 471 2408 iuter
494 2369 562 2424 sese,
587 2369 741 2424 proponere.
785 2354 815 2407 In
838 2305 925 2409 Gaiiia
947 2374 998 2410 uon

67 2482 112 2586 adl
122 2479 247 2527 Communi
254 2463 320 2536 odim
332 2479 375 2526 the
386 2477 490 2527 ablativa
499 2479 557 2528 here
568 2478 590 2527 is
600 2477 739 2539 equivaleut
748 2486 774 2525 to
779 2487 876 2538 propter
884 2495 1002 2530 wmmum

101 2553 267 2715 :Tou-sptium
280 2609 345 2678 {still
355 2624 422 2658 more
430 2609 447 2691 ξ’
460 2609 555 2668 thetis,
568 2614 659 2667 ‘mora
672 2609 697 2657 in
706 2606 814 2657 addition
824 2615 851 2655 tc
861 2607 932 2656 those
944 2609 1000 2659 who

69 2682 140 2719 were
176 2666 250 2728 ready
260 2668 321 2716 with
334 2668 433 2717 Caesar.

101 2739 237 2796 'Paucum
249 2739 312 2800 deep
322 2740 373 2800 into
383 2741 425 2790 the
436 2740 537 2790 interior
545 2740 574 2789 oi
585 2740 628 2788 the
639 2748 749 2799 country.

101 2811 187 2860 ⁴Tbie
198 2811 280 2860 clause
291 2812 312 2860 is
324 2827 355 2860 nc
382 2822 418 2860 art
430 2811 457 2861 ol
469 2812 510 2861 the
521 2811 641 2871 reportes
653 2811 694 2860 the
707 2811 773 2868 Ubii,
786 2811 830 2860 but
841 2827 855 2859 a
865 2819 998 2860 statement

70 2870 102 2920 of
121 2870 216 2938 Caesar
233 2869 345 2927 himsell3
366 2828 444 2919 ianoe
466 2872 507 2919 the
527 2871 656 2919 indicative
675 2873 817 2932 appellatur.
849 2870 905 2918 The
924 2870 999 2939 forest

70 2929 180 2978 Bacenis
192 2943 212 2976 ts
223 2929 361 2990 commonly
372 2928 483 2978 believed
494 2939 519 2978 to
530 2929 592 2977 have
604 2930 666 2977 been
678 2939 754 2990 apert
766 2929 795 2978 of
806 2929 847 2976 the
860 2929 999 2989 Hercynren

70 2987 160 3094 wifel?
173 2986 219 3038 end
231 2987 362 3048 especially
374 2987 426 3036 thet
441 2997 494 3048 part
506 2987 623 3036 whichis
639 3003 695 3044 now
706 2987 785 3036 called
801 2987 842 3036 the
859 2987 1000 3048 Thiiringer

101 3117 230 3167 ‘Natieue
241 3117 262 3166 is
273 3117 339 3166 what
350 3134 388 3166 we
399 3117 446 3166 call
458 3117 586 3180 ‘naturai’
599 3134 627 3168 or
639 3117 725 3168 ‘mede
735 3121 769 3180 by
779 3129 864 3167 nature
875 3117 981 3166 berseli’

102 3188 249 3238 ‘Prohibere
263 3189 308 3238 hes
326 3189 384 3238 here
400 3206 415 3238 a
429 3189 530 3240 twoiold
546 3192 674 3252 meaning3
691 3193 798 3252 namely,
813 3196 852 3239 ‘to
865 3193 996 3250 separate,’

72 3249 122 3300 and
136 3251 177 3296 ‘tc
188 3258 289 3317 prevent
299 3247 378 3296 stom!
411 3249 440 3298 Iu
456 3249 498 3298 the
514 3249 565 3298 first
577 3265 658 3305 senae,
672 3249 689 3297 it
701 3260 767 3299 must
778 3251 808 3298 be
820 3249 894 3298 taken
905 3251 930 3298 in
940 3266 997 3300 ocu·

72 3307 174 3357 nection
184 3305 245 3354 with
257 3306 383 3355 cremitae
394 3321 409 3354 o
420 3308 516 3364 Sueuir,
528 3308 664 3367 saeuosque
673 3310 701 3354 ab
714 3309 851 3366 cunisam
863 3308 910 3357 and
921 3311 946 3358 in
957 3311 998 3358 tbe

72 3367 157 3422 letter,
170 3365 196 3413 iu
205 3365 350 3414 connection
359 3365 419 3415 with
431 3367 531 3427 injuriis
543 3366 772 3426 incursionibusque.
