2296 3796
484 333 577 374 uasa
596 335 618 375 r.
967 315 1011 378 Β

89 440 198 494 omnino
210 439 295 496 telum
305 441 332 494 in
341 440 429 496 hostes
439 440 588 512 rejicerent.
614 441 685 496 Nam
695 451 745 496 etsr
757 442 815 497 sine
827 441 880 498 ullo
893 441 1010 514 periculo

90 509 204 580 legionis
221 510 344 564 delectae
360 529 423 566 cum
434 512 555 582 equitatu
573 512 703 582 proelium
722 512 776 566 sore
789 513 905 582 ridebat,
918 521 1010 568 tarum

89 581 313 635 committendum
325 583 507 653 conpetebat,
520 590 550 635 ut
568 581 652 662 pulsis
663 581 785 636 hostibus
794 579 951 652 dioi'posset
963 599 1010 638 eos

89 650 123 703 ab
141 667 173 703 se
193 667 241 722 por
259 651 350 704 fidem¹
368 651 395 706 in
412 651 541 722 colloquio
553 661 756 705 circumventos.
792 652 969 722 Posteaquam
980 654 1009 708 in

89 718 188 788 vulgus
199 721 317 774 militum
333 721 435 776 elatum
453 731 503 792 est,
515 738 569 792 qua
586 722 733 790 arrogantia
750 722 777 775 in
793 721 923 790 colloquio
934 723 1009 777 Ario

89 789 176 844 vietus
189 807 255 843 usus
267 791 339 843 omni
351 791 437 844 Gallia
448 791 575 844 Romanis
586 789 763 844 interdixisset
785 793 969 860 impetumque
982 792 1009 846 in

89 869 194 913 costros
212 858 272 929 ejus
288 861 391 928 equites
404 860 539 931 fecissent,
552 877 638 930 saque
656 877 700 914 res
717 831 877 930 colloquium
896 869 925 914 ut
940 862 1009 916 dire·

89 929 193 1009 unisset,
213 930 297 1010 molto
320 929 404 1000 major
422 930 545 984 alacritas
568 928 739 1001 studiumque
762 930 898 1002 pugnandi
921 930 1010 1002 majus

88 1007 539 1150 exiilmliiiiligelreuilsteliiievistus
563 1068 599 1122 ad
621 1069 765 1150 Caesarem
787 1069 889 1139 legatos
911 1071 1009 1126 mittit:

88 1137 161 1191 uelle
180 1155 211 1190 se
229 1137 269 1191 de.
281 1137 323 1190 hrs
340 1138 427 1209 rebus,
440 1155 509 1209 quae
527 1147 595 1193 mter
605 1155 652 1192 sos
668 1156 712 1208 agr
728 1147 839 1210 coeptae
852 1156 940 1219 neque
952 1157 1009 1220 per·

87 1205 181 1262 leome
199 1215 296 1276 essent,
309 1225 389 1278 agere
406 1226 468 1262 curn
486 1225 533 1262 eo:
553 1209 592 1262 uti
607 1217 655 1262 aut
672 1209 770 1262 iterum
787 1209 839 1262 coll
874 1225 918 1262 uto
936 1209 1009 1266 duom

86 1276 272 1347 constitueret,
285 1288 339 1346 aut,
353 1278 376 1332 si
388 1277 415 1331 id
428 1277 518 1332 minus
527 1277 617 1348 vellet,
630 1294 647 1330 e
665 1279 721 1332 suis
738 1277 833 1347 legatis
844 1296 861 1332 a
872 1279 962 1348 iquem
973 1280 1009 1334 ud

87 1347 257 1400 se-rcitteret.
280 1347 336 1401 Coll
372 1346 452 1400 uendi
461 1348 780 1412 Casnrioaursuisacon
788 1356 830 1400 est
838 1350 1007 1420 eteomsgis,

87 1417 162 1486 quod
180 1414 266 1486 pridie
284 1364 413 1486 ejueohiei
431 1417 557 1472 Gennani
575 1417 680 1470 retineri
698 1433 750 1470 non
763 1427 890 1488 poterant,
904 1418 968 1488 quin
980 1419 1008 1474 in

87 1495 194 1538 nostros
211 1485 265 1540 tela
284 1486 454 1556 conjicerent.
489 1487 619 1557 Legatum
638 1486 728 1540 esuis
747 1503 808 1539 sose
828 1504 924 1564 magno
944 1503 1008 1544 cum

87 1554 209 1625 periculo
231 1554 266 1607 erl
289 1572 352 1610 eum
376 1556 520 1610 missurum
540 1566 568 1610 et
587 1556 738 1610 hominibus
757 1555 822 1608 seris
841 1556 1007 1625 objecturum

88 1623 271 1678 existimabat.
307 1625 558 1680 Commodissimum
578 1627 665 1680 visum
684 1635 725 1679 est
744 1625 774 1678 C.
790 1625 926 1679 Valerium
946 1626 1006 1679 Pro-

87 1693 204 1764 oillum,¹
214 1695 244 1747 C.
253 1695 340 1748 Valeri
354 1695 450 1748 Caburi
467 1695 560 1762 filium,
574 1711 681 1750 summa
693 1696 788 1749 virtute
800 1705 827 1749 et
840 1685 1007 1750 humanitate

85 1763 297 1833 adolescentem,
307 1765 384 1834 cujus
395 1775 469 1835 poter
481 1781 497 1816 a
508 1765 538 1818 C.
546 1763 651 1818 Valerio
660 1764 765 1818 Flacco·
775 1765 881 1820 civitate
894 1765 1007 1820 donatus

86 1843 154 1904 erat,
168 1843 196 1887 et
214 1843 319 1904 propter
337 1834 420 1888 fidem
439 1843 465 1887 et
484 1843 589 1905 propter
608 1834 713 1904 linguae
725 1834 843 1888 Gallicae
856 1835 1006 1905 scientiam,

83 1919 142 1974 qna
158 1903 254 1957 multa*
265 1903 320 1974 jarn
339 1905 488 1959 Ariovistus
505 1903 647 1974 longinqua
664 1905 855 1958 consuetudine
875 1904 1006 1976 utebatur,

86 1982 115 2026 et
133 1973 206 2043 quod
227 1972 253 2026 in
270 1991 302 2026 eo
321 1973 450 2043 peccamli
468 1973 610 2026 Germanis
627 1991 708 2028 cause
726 1991 776 2028 non
795 1984 874 2044 esset,
889 1975 924 2028 ad
942 1991 1007 2030 aaut

81 2043 203 2112 mittere,
217 2053 243 2096 et
255 2044 378 2096 Marcum
391 2043 527 2112 Mettium,
539 2043 586 2112 qui
605 2043 717 2114 hospitio
729 2045 854 2098 Ariovisti
872 2045 1006 2100 utebatur.

85 2112 138 2166 His
155 2113 342 2181 mandaciter
359 2129 430 2182 quae
447 2111 548 2165 diceret
559 2112 714 2180 Ariovistus,
727 2124 916 2182 cognoscerent
928 2123 955 2170 st
971 2115 1006 2168 ad

84 2199 116 2236 ue
136 2182 273 2236 referrent.
309 2181 382 2240 Quos
401 2199 464 2234 cum
484 2181 555 2252 apud
575 2199 606 2234 se
623 2183 651 2236 irr
671 2184 764 2236 castris
781 2185 928 2238 Ariouistus
945 2201 1006 2238 oon·

84 2251 227 2322 spexisset,
249 2251 366 2304 exercitu
387 2267 435 2305 suo
454 2262 594 2321 praesente
614 2251 803 2306 conclamavit:
831 2254 900 2314 Quid
921 2254 956 2308 ed
975 2271 1006 2310 se

84 2320 228 2374 venirent?
246 2338 280 2374 an
293 2320 447 2391 speculandi
458 2320 559 2374 causei
588 2321 719 2376 Conantes
730 2322 820 2376 dicere
833 2323 966 2394 prohibuit
978 2337 1005 2380 et

85 2391 113 2444 in
126 2397 237 2444 catenas
248 2389 369 2462 conjecit.

119 2465 165 2514 48.
184 2459 288 2514 Eodem
307 2460 353 2514 die
373 2468 460 2514 cestra
478 2459 608 2530 promovit
624 2467 651 2512 et
663 2459 774 2514 milibus
789 2477 917 2530 passuum
928 2479 1006 2518 serta

84 2529 210 2584 Caesaris
232 2531 326 2582 castris
349 2531 399 2584 sub
422 2528 513 2583 monte
542 2529 669 2583 consedit.
706 2531 834 2583 Postridie
864 2529 923 2600 ejus
951 2531 1006 2586 disi

85 2609 192 2669 praeter
209 2608 297 2652 castre
315 2598 436 2652 Caesaris
453 2617 516 2652 suas
533 2599 624 2668 copias
641 2598 756 2652 traduxit
773 2609 799 2652 et
820 2600 929 2654 milibus
945 2617 1005 2671 pas·
1089 2641 1097 2658 t

50 2719 53 2724 .
84 2685 167 2722 snum
179 2668 284 2724 duohus
296 2668 364 2722 ultra
375 2685 438 2727 eum
450 2669 620 2738 aristenis,
632 2685 665 2721 eo
683 2668 853 2738 consilique
869 2669 1005 2724 frumento

114 2881 190 2930 ¹Per
197 2883 284 2944 fidem:
301 2880 408 2942 hemely,
425 2883 529 2930 mochus
547 2885 639 2940 datam
656 2882 709 2931 tlrst
725 2883 755 2940 is,
773 2893 797 2932 ct
813 2884 903 2932 crime
919 2883 1006 2946 during

83 2941 167 2990 which
178 2941 209 2990 he
219 2957 271 2990 was
282 2941 364 2990 bound
375 2943 408 3002 hy
419 2941 457 2989 his
467 2941 572 3000 promise
583 2951 608 2990 to
619 2943 714 2990 abstain
724 2943 786 2991 ircm
796 2943 935 2992 hostilities.

112 3015 220 3063 ¹Seems
231 3025 256 3062 tc
267 3016 298 3062 be
309 3014 351 3062 the
363 3029 430 3063 same
441 3029 469 3062 as
479 3013 521 3061 the
533 3013 563 3062 C.
571 3013 684 3063 Valerius
695 3013 815 3065 Procillus
826 3016 965 3065 mentioned
979 3016 1005 3066 in

83 3074 168 3134 chaps.
181 3077 210 3123 19
221 3073 268 3123 and
278 3077 315 3122 53.

110 3146 162 3195 ⁸0.
171 3145 284 3196 Valerius
295 3145 399 3195 Flsocoe
414 3143 460 3194 hod
472 3145 535 3194 hoen
545 3159 664 3206 governor
673 3144 702 3194 of
711 3145 754 3196 the
769 3147 883 3207 province
899 3143 928 3194 of
940 3143 1005 3198 Gaul

83 3207 108 3256 in
119 3221 143 3254 s.
156 3220 178 3253 c.
189 3208 227 3254 83.
258 3205 306 3253 See
319 3204 371 3254 cro.
384 3221 429 3268 pro
443 3202 527 3265 Quint.
539 3207 577 3254 76.

110 3284 121 3312 ⁴
130 3281 229 3337 Mauo,-
242 3278 349 3339 sernay,
359 3281 452 3342 lingas.
476 3279 561 3328 Multo
571 3282 657 3342 lingua
665 3283 706 3329 uti
714 3281 735 3330 is
743 3281 786 3330 the
794 3295 863 3330 semo
870 3295 897 3329 es
905 3283 1004 3334 mallan

83 3341 227 3448 ῑὶπμαόιιξί,
243 3344 283 3388 ‘to
294 3339 366 3388 melre
377 3338 450 3392 much
461 3353 504 3388 uso
516 3338 544 3388 ol
555 3355 570 3388 a
580 3339 749 3401 lenguae-⁴
757 3351 782 3390 to
790 3339 869 3402 speulr
878 3341 897 3390 it
908 3341 989 3392 osset
