2272 3786
458 329 549 370 sisse
570 329 603 370 n.
949 311 989 370 69

63 437 162 519 proelii
173 437 360 492 committendi
372 437 478 508 signum
490 439 572 494 dedit.
610 439 697 508 Atque
716 439 743 492 in
760 437 873 492 alterurn
885 449 988 510 partem

63 515 133 563 rtem
146 507 304 562 cohortandi
316 525 398 562 causa
411 509 543 580 profectus
561 508 740 579 pugnantibus
752 509 872 564 occurrit.
909 509 988 564 Tem·

62 579 137 650 poris
157 585 233 632 mute
244 577 301 632 -luit
321 577 451 647 exiguitas
471 579 641 648 hostiumque
659 586 714 657 terp
732 585 839 649 paratus
856 580 891 632 sd
910 580 988 633 dimi·

63 649 188 702 candum
208 648 321 718 enimus,
340 655 370 702 ut
390 665 440 702 non
460 647 591 702 modoad
612 649 733 715 insigurs²
752 649 987 720 accommodanda,

63 717 114 772 sed
128 718 214 772 etiam
224 717 258 771 ad
267 716 358 786 galeas
367 717 514 771 induendas
523 719 657 786 scutisque
667 717 812 786 tegimenta
824 718 989 772 detrudenda

2 822 5 824 v
63 796 178 868 tempus
191 785 315 840 deluerit.
348 788 435 847 Quum
447 787 561 858 quisque
572 784 607 840 ab
619 803 698 858 opere
711 787 736 841 in
749 797 852 858 partem
865 805 930 842 casu
942 790 988 842 de-

62 865 142 910 venrt
162 873 234 927 quse
254 873 288 909 ue
308 856 394 926 prims
412 857 488 926 signs
507 857 653 925 conspexit,
672 855 706 908 ad
725 856 793 910 baec
811 858 935 930 constitit,
954 877 988 912 ne

62 927 103 980 ιη’
113 873 280 995 quaerendis
291 926 347 979 suis
359 927 492 996 pugnandi
504 935 612 1047 tempus
624 925 777 979 dimitteret.

100 999 146 1048 22.
162 996 294 1065 Instructo
303 996 421 1049 exercitu
429 997 517 1065 magis
530 1005 557 1048 ut
576 995 616 1048 ooi
626 1004 719 1048 nature
730 995 904 1066 dejectusque
914 997 989 1050 collis

63 1074 91 1118 et
104 1064 258 1118 necessitas
270 1073 323 1118 tern
361 1065 402 1135 ris,
415 1082 497 1135 quarn
515 1074 544 1118 ut
562 1067 599 1117 rei
615 1064 735 1118 militaris
753 1065 817 1119 ratio
833 1075 914 1136 atque
926 1069 988 1120 ordo

99 1133 230 1203 stulabat,
243 1151 306 1188 oum
337 1134 429 1187 irersis
446 1134 604 1204 legionibus¹
619 1133 689 1188 eliae
707 1135 760 1187 slis
778 1135 804 1188 in
816 1147 890 1205 parte
908 1137 988 1190 hosti·

83 1221 117 1257 us
130 1203 293 1274 resisterent,
307 1203 470 1275 sepibusque
489 1204 663 1274 densissimis,
677 1212 780 1258 utente
798 1205 988 1258 demonstravi-

61 1289 136 1342 mus,
149 1272 298 1343 interjectis
314 1285 469 1343 prospectus
488 1273 667 1344 impediretur,
680 1291 768 1344 neque
785 1285 858 1328 certa
870 1275 989 1330 subsidia

61 1342 191 1396 collocari
200 1359 288 1412 neque
296 1341 363 1412 quid
369 1343 509 1412 inquaque
517 1353 591 1414 parte
599 1359 666 1413 opus
672 1353 751 1412 esset,
762 1343 892 1413 provideri
900 1361 987 1416 neque

61 1411 99 1466 sb
119 1428 174 1465 uno
191 1413 281 1464 omnia
293 1412 330 1465 im
350 1413 405 1464 eris
416 1411 592 1466 administrari
606 1421 734 1482 poterant.
770 1412 863 1482 ltaque
876 1414 901 1467 in
915 1425 988 1468 tanta

63 1499 156 1536 rerum
170 1479 311 1550 iniquitate
323 1429 443 1534 iirtunae
455 1499 560 1552 quoque
574 1490 687 1535 eventus
696 1480 759 1534 sarii
773 1482 961 1550 sequebantur.

100 1555 144 1604 23.
164 1551 292 1620 Legionis
303 1567 388 1604 nonae
401 1559 427 1604 et
439 1551 561 1605 decimae
578 1551 684 1620 milites,
698 1561 727 1604 ut
744 1551 769 1602 in
789 1551 895 1604 sinistra
912 1563 987 1621 perte

60 1621 124 1675 acie
133 1621 314 1690 constiterant,
328 1620 389 1689 pilis
400 1622 508 1674 emissis
518 1637 598 1674 cursu
610 1637 642 1672 ac
654 1619 810 1674 lassitudine
822 1622 988 1675 exanimatos

62 1689 277 1758 vulneribusque
286 1689 421 1744 conlectos
430 1690 572 1744 Atrebates
584 1691 658 1760 [itam
669 1690 751 1753 hisee
763 1707 823 1759 pars
831 1690 987 1762 obvenerat)

61 1760 191 1812 celeriter
208 1775 242 1811 ex
260 1757 317 1811 loco
336 1759 468 1830 superiore
484 1760 510 1813 in
524 1759 624 1814 flumen
639 1759 823 1830 compulerunt
835 1769 861 1813 et
877 1761 986 1814 transire

60 1839 195 1882 conantes
212 1827 326 1881 insecuti
343 1828 439 1898 gladiis
457 1847 582 1898 magnam
599 1837 702 1899 partem
720 1847 809 1883 eorum
830 1829 987 1901 impeditam

61 1897 265 1952 interfecerunt.
301 1898 355 1968 Ipsi
376 1897 484 1952 transire
508 1899 609 1952 flumen
632 1915 682 1952 nou
703 1899 889 1954 dubitaverunt
912 1909 939 1954 et
960 1903 987 1954 in

61 1967 155 2020 locum
176 1967 297 2036 iniquum
317 1968 446 2038 progressi
471 1985 559 2021 rursus
583 1967 736 2022 resistentes
752 1967 849 2024 ’hostes
872 1971 985 2025 redinte·

60 2047 138 2106 grato
158 2037 257 2108 proelio
277 2037 304 2089 in
324 2035 414 2106 sugam
433 2037 611 2107 conjecerunt.
647 2039 715 2093 Item
736 2039 788 2092 alia
807 2041 833 2093 in
854 2050 927 2111 purte
947 2042 985 2095 di·v

62 2123 161 2159 versae
179 2107 248 2159 duae
269 2105 394 2175 legiones,
414 2105 555 2160 undecima
576 2117 602 2160 et
622 2117 723 2178 octava,
744 2110 888 2179 profligatis
905 2111 985 2164 Vero-

61 2173 196 2246 manduis,
210 2177 368 2244 quibuscum
380 2186 455 2229 erant
466 2175 606 2256 congressi,
620 2193 653 2230 ex
667 2177 724 2230 loco
734 2181 869 2248 'superiore
882 2181 907 2234 in
921 2179 985 2251 ipsis

60 2245 139 2300 flum'
163 2244 185 2296 is
198 2245 260 2314 ripis
271 2244 475 2315 proeliabantur.
512 2248 547 2299 At
561 2255 621 2300 totis
633 2245 688 2300 iere
701 2265 717 2300 a
729 2247 813 2302 fronte
825 2258 851 2303 et
863 2251 898 2304 ab
911 2252 985 2304 sinis·

62 2323 103 2368 tra
117 2261 194 2384 paerte
206 2314 312 2368 nudatis
323 2315 424 2384 cestris,
435 2332 497 2369 cum
510 2315 535 2368 in
549 2315 640 2368 dextro
652 2334 731 2370 cornu
745 2316 813 2386 legio
826 2319 985 2374 duodecima

61 2393 91 2438 et
112 2399 166 2436 non
186 2401 213 2436 ru
250 2400 282 2436 no
302 2384 337 2437 ab
357 2400 391 2438 ea
413 2385 550 2438 intervallo
571 2402 600 2438 se
620 2385 686 2439 tima
704 2387 872 2458 constitisset,
892 2406 985 2444 omnes

62 2453 159 2508 Nervii
178 2469 228 2506 oon
239 2453 369 2507 ertissimo
386 2453 494 2522 agmine
511 2456 580 2508 duce
598 2404 773 2524 Boduognato,
786 2457 831 2525 qui
850 2473 984 2512 summam

62 2521 172 2592 imperii
191 2522 306 2593 tenebat,
325 2523 359 2576 ad
379 2540 442 2576 eum
460 2523 548 2578 lecum
567 2524 774 2592 contenderunt;
794 2542 905 2594 quorum
925 2545 985 2596 pars

61 2600 158 2662 aperto
169 2591 262 2646 latere⁴
273 2592 392 2661 legiones
404 2593 604 2664 circumvenire,
617 2611 678 2664 pars
691 2611 828 2648 summum
839 2603 984 2650 castrorum

62 2661 155 2715 locum
167 2669 259 2732 petere
271 2661 367 2732 coepit.

91 2856 167 2907 'The
178 2859 229 2906 ἐπι·
263 2858 355 2912 iubere
366 2875 406 2909 ure
417 2859 459 2908 tbe
469 2861 620 2910 omumsntul
630 2872 695 2923 parts
706 2862 735 2912 os
744 2863 786 2912 tlrs
797 2879 900 2922 srmour,
913 2881 981 2926 espe-

60 2915 175 2978 ciallyol
186 2915 228 2966 the
271 2917 337 2966 lmet.
370 2919 416 2968 See
428 2919 443 2968 i.
455 2923 492 2968 22.
521 2927 523 2930 '

89 2993 166 3043 ¹‘l'he
177 2997 205 3042 in
214 2994 272 3043 here
283 2994 304 3043 is
314 2995 452 3056 equiv'slsut
463 3006 489 3045 to
502 2997 609 3055 ‘while’
622 2999 731 3048 whereas
741 3000 783 3048 the
794 2999 898 3050 ablativo
910 3001 984 3050 with-

60 3065 103 3104 out
115 3054 157 3102 the
168 3054 316 3114 preposition
326 3055 408 3104 would
418 3057 449 3104 be
460 3055 502 3104 tlre
513 3057 617 3106 sblstive
628 3058 656 3106 ol
668 3059 709 3107 the
720 3059 872 3108 instrument.
977 3064 980 3073 '

89 3140 219 3210 'mensis
230 3142 361 3203 legionibus
372 3141 393 3190 is
403 3142 445 3190 the
456 3137 561 3192 ablstire
572 3145 697 3204 obsolute3
715 3146 755 3195 the
767 3157 885 3196 structure
900 3147 928 3195 of
939 3147 981 3196 the

60 3211 184 3309 :lepppppiq
186 3215 261 3316 1ιεδιιοιι
270 3201 374 3250 unusuel
385 3216 439 3258 one,
452 3202 500 3251 and
510 3203 587 3265 might
599 3203 660 3252 hare
670 3207 869 3254 been-diuersus
879 3207 981 3269 legiones

63 3333 133 3442 wit?
151 3335 295 3441 Ἔῑαιινιῑ
309 3333 361 3382 that
370 3325 401 3391 ιε’,
409 3349 441 3382 on
451 3333 492 3383 the
504 3333 545 3383 left
557 3335 609 3383 side
618 3333 678 3384 from
686 3336 766 3409 which
777 3337 818 3384 tlte
829 3335 922 3397 legions
934 3338 980 3388 bed

87 3409 95 3443 ι
