2268 3786
484 268 493 288 .

152 305 208 366 118
449 323 490 364 os
512 321 608 363 sesso
629 321 764 364 asoarco.

149 440 220 486 retur
244 444 271 486 et
301 449 357 486 rem
380 431 580 486 trumentariam
604 430 751 500 provideret
779 445 903 500 quaeque
927 428 956 484 ih
978 429 1073 484 Gallia
1122 395 1127 442 l

147 511 307 572 gererentur,
321 511 491 570 cognosceret
509 500 703 577 consiliumque
722 516 768 570 pro
787 509 904 569 tempore
923 509 951 552 et
964 517 1012 569 pro
1031 501 1073 554 rel
1126 555 1127 558 ,

148 580 262 642 caperet,
277 572 334 641 ipse
353 589 415 625 cum
433 572 550 642 quinque
569 569 719 638 legionibus
736 578 763 622 et
787 569 843 638 pari
860 586 973 622 numero
993 570 1068 639 equi·
1126 573 1127 580 ’

149 652 213 710 turn,
222 658 303 710 quern
317 643 342 694 in
356 641 500 694 continenti
513 639 687 708 relinquebat,
696 638 758 692 solis
770 655 866 692 occasu
875 655 960 691 naves
972 639 1067 696 solvit:

148 720 174 764 et
195 710 247 764 leni
268 710 367 764 Africo²
386 720 535 780 provectus,
555 708 646 762 media
665 707 769 762 circiter
789 719 865 761 nocte
886 717 965 760 vento
988 711 1069 763 inter·

149 780 237 848 misso,
251 797 357 833 cursum
377 797 429 832 non
448 779 539 849 tenuit,
553 788 580 832 et
592 778 695 848 longius
711 777 817 832 delatus
827 786 911 844 aestu,
925 788 984 831 orta
997 779 1067 849 luce,

149 849 199 904 sub
223 849 328 902 sinistra
351 849 524 902 Britanniam⁸
545 849 665 900 relictam
691 847 836 917 conspexit.
872 847 944 900 Tum
976 866 1069 902 rursus
1126 893 1127 898 ,

148 929 238 972 aestus
256 919 500 972 commutationem⁴
512 926 627 986 secutus,
641 917 721 971 remis
733 915 867 970 contendit
887 925 915 970 ut
934 935 998 971 eam
1010 937 1068 988 par·

150 999 206 1042 tem
224 988 327 1042 insulas
346 997 460 1058 caperet,
474 1005 528 1057 qna
545 988 675 1058 optimum
695 1003 755 1040 esse
773 1003 910 1054 egressum
931 990 1069 1056 superiore

148 1066 250 1110 aestate
262 1067 428 1127 cognoverat.
464 1058 524 1118 Qua
542 1059 567 1110 in
582 1074 608 1118 re
626 1057 772 1110 admodum
785 1055 833 1110 suit
845 1055 962 1110 militum
974 1059 1069 1112 virtus⁵

149 1125 289 1194 laudanda,
302 1127 347 1196 qui
367 1127 489 1180 vectoriis
505 1126 684 1196 gravibusque
703 1125 824 1194 navigiis,
844 1143 894 1182 non
912 1127 1068 1180 intermisso

149 1195 294 1264 remigandi
318 1196 414 1265 labore,
438 1196 575 1265 longarum
605 1197 714 1250 navium
742 1211 848 1248 cursum
872 1193 1068 1264 adaequarunt.

149 1269 296 1319 Accessum
320 1275 361 1320 est
383 1265 418 1320 ad
442 1265 604 1320 Britanniam
633 1265 758 1320 omnibus
781 1263 896 1318 navibus
918 1267 1068 1320 meridiano

149 1334 204 1388 fere
225 1345 357 1407 ternpore:
388 1351 475 1406 neque
499 1335 527 1388 in
548 1352 580 1388 ec
604 1334 662 1388 loco
685 1334 768 1388 hostis
790 1343 831 1386 est
855 1334 936 1402 risus,
960 1336 1018 1404 sed,
1039 1346 1068 1390 ut
1126 1339 1127 1350 ¹

149 1413 240 1474 postea
260 1405 357 1458 Caesar
379 1422 413 1458 ex
437 1405 549 1474 captivis
568 1405 704 1474 comperit,
726 1420 810 1475 quum
834 1421 948 1472 maguae
969 1422 1069 1458 manus

88 1527 95 1538 ,
149 1489 181 1527 eo
198 1477 392 1542 convenissent,
406 1473 576 1528 multitudine
597 1475 707 1528 uarium
727 1473 880 1543 perterritae
900 1474 1068 1552 (quaecum

148 1545 290 1598 annotinis⁶
312 1545 481 1616 privatisque,
505 1561 573 1613 quas
595 1543 636 1596 sni
659 1543 772 1612 quisque
796 1543 930 1596 commodr
955 1543 1066 1614 lecerat,
1094 1553 1097 1558 “

148 1614 263 1684 amplius
280 1631 357 1668 cecc.
373 1631 423 1667 uno
441 1623 516 1666 erant
534 1613 606 1666 visse
626 1611 757 1682 tempore)
769 1629 786 1665 a
798 1611 872 1665 litore
885 1611 1066 1668 discesserant

149 1699 180 1735 ac
193 1701 221 1736 se
234 1685 261 1737 in
273 1683 406 1752 superiora
415 1683 473 1736 loca
484 1681 648 1736 abdiderant.

183 1757 207 1804 9.
226 1753 329 1822 Caesar,
343 1751 599 1822 expositoxexeroitu
619 1759 646 1804 et
666 1749 723 1804 loco
743 1751 837 1804 castris
862 1749 957 1804 idoneo
978 1761 1066 1822 capto,

148 1822 193 1875 ubi
217 1839 252 1875 ex
275 1821 387 1891 captivis
410 1821 540 1891 cognorit,
558 1837 611 1890 quo
629 1821 656 1874 in
679 1820 736 1873 loco
756 1819 873 1874 hostium
889 1837 922 1872 co
943 1820 986 1872 iae
1005 1839 1066 1875 con·

149 1890 287 1960 sedissent,
309 1890 459 1945 cohortibus
478 1909 505 1944 x.
524 1889 558 1944 ad
579 1906 653 1942 mare
674 1889 773 1943 relictis
793 1899 820 1942 et
840 1839 976 1961 equitibus
997 1908 1065 1962 ccc,

149 1960 194 2028 qui
215 1959 344 2049 prqesidic
362 1960 475 2014 naribus
492 1967 589 2027 essent,
603 1958 637 2011 de
650 1959 727 2012 tertia
738 1959 827 2028 vigilia
844 1961 878 2012 ad
893 1959 985 2012 hostes
1002 1977 1066 2014 con·

150 2027 239 2096 tendit,
254 2045 286 2080 eo
305 2029 392 2082 minus
404 2030 504 2082 veritus
523 2029 643 2096 navibus,
657 2027 728 2098 quod
747 2028 773 2082 in
792 2028 867 2082 litore
886 2028 970 2082 molli⁷
981 2037 1066 2100 atque

148 2107 238 2166 aperto
256 2097 387 2166 deligatas
405 2097 439 2152 ad
457 2115 582 2152 ancoram
599 2097 771 2168 relinquebat,
790 2107 817 2151 et
840 2097 974 2168 praesidio
992 2100 1065 2152 nari-

147 2167 198 2220 bus
218 2166 250 2225 Q.
263 2167 366 2220 Atrium
387 2167 523 2239 praefecit.
559 2168 619 2237 Ipse
641 2177 719 2221 noctu
739 2169 893 2237 progressus
913 2168 988 2221 milia
1005 2175 1064 2239 pas·

70 2245 75 2256 ¹
148 2252 227 2288 suurn
244 2236 348 2289 circiter
358 2255 409 2290 ιιι.
423 2236 540 2290 hostiurn
558 2237 647 2306 copias
665 2237 833 2306 conspicatus
844 2247 894 2290 est.
930 2237 972 2292 Illi
990 2239 1064 2308 equi·

149 2313 204 2357 tatu
221 2313 301 2375 atque
322 2306 426 2360 essedis
448 2306 482 2360 ad
504 2306 615 2360 flumen
633 2306 770 2376 progressi,
792 2325 827 2362 ex
847 2307 906 2370 loco
928 2307 1064 2378 superiore

178 2459 184 2486 ¹
195 2458 260 2505 That
271 2459 301 2515 is,
316 2463 322 2486 ⁶
333 2460 460 2522 according
470 2469 496 2508 tc
507 2459 565 2507 time
576 2458 625 2506 and
635 2459 841 2508 circumstances!

175 2530 293 2592 'Africus
311 2532 332 2580 is
365 2533 461 2593 roperly
479 2533 520 2581 the
536 2531 601 2580 wind
619 2531 671 2580 that
688 2532 766 2581 blcws
782 2531 843 2580 from
860 2532 953 2588 Africa,
971 2535 1016 2584 but
1032 2535 1063 2583 its

148 2601 217 2638 exact
228 2591 294 2650 point
306 2592 330 2639 in
341 2547 382 2638 the
394 2605 505 2651 composa
517 2600 583 2640 rnnst
594 2591 656 2639 heve
667 2592 730 2639 been
741 2590 812 2639 north
821 2591 850 2639 ol
856 2591 1013 2641 south-west.

147 2663 251 2770 Tisslerte
265 2663 371 2722 pointel
383 2664 477 2712 Britain
494 2665 552 2713 here
569 2663 665 2712 alluded
681 2674 706 2712 to
717 2679 768 2712 was
783 2663 901 2724 probably
912 2662 954 2714 the
971 2666 1017 2715 isle
1034 2665 1062 2714 ol

165 2797 184 2860 ,⁴
193 2794 248 2841 The
259 2795 351 2855 change
363 2795 391 2843 ol
403 2796 453 2844 tide
468 2796 527 2844 here
543 2794 683 2844 mentioned
698 2805 764 2844 must
775 2795 837 2846 hare
849 2797 912 2846 been
923 2794 965 2846 the
977 2799 1062 2860 begin-

147 2867 204 2913 nurg
214 2854 242 2900 ol
249 2853 290 2902 the
302 2854 349 2902 riae
358 2853 387 2901 cf
393 2853 434 2902 the
446 2867 529 2904 water.

176 2927 185 2953 ⁵
199 2924 283 2974 Virtus
295 2927 352 2974 here
364 2927 385 2975 is
399 2933 517 2988 ‘courage
528 2928 576 2977 and
586 2928 776 2988 perseverance!

174 3000 333 3048 ‘Annalium
345 3000 365 3048 is
377 3001 428 3050 that
437 3000 517 3049 which
528 3001 572 3049 has
581 3001 643 3050 been
654 3001 833 3062 accomplished
841 3001 928 3050 within
935 3001 979 3050 the
990 3018 1062 3063 space

146 3058 174 3106 of
186 3074 232 3106 one
244 3074 309 3118 year,
323 3058 370 3106 and
381 3059 542 3122 accordingly,
556 3060 623 3117 here,
636 3061 677 3109 the
689 3059 756 3122 ships
773 3061 835 3110 built
846 3061 870 3110 in
881 3061 923 3110 the
935 3077 1021 3111 course
1033 3061 1062 3112 of

147 3119 188 3164 the
199 3117 329 3177 preceding
340 3133 404 3178 year.

175 3189 266 3238 'Litus
282 3193 351 3258 molle
365 3190 385 3259 is
396 3207 410 3238 a
421 3192 506 3297 gentlp
517 3208 543 3240 or
554 3191 682 3253 gradually
692 3191 787 3254 slcping
802 3201 878 3250 coest,
891 3192 938 3242 aud
954 3193 1063 3254 opposed
1124 3203 1127 3258 l

147 3255 174 3294 tc
183 3263 198 3293 a
207 3258 274 3296 coast
285 3260 418 3309 consisting
429 3249 457 3297 os
464 3251 489 3298 br
499 3251 520 3298 ls
531 3267 558 3299 or
568 3250 648 3300 roclrs.
1126 3297 1127 3300 ,

176 3319 185 3345 ⁸
196 3319 250 3368 The
262 3322 325 3372 river
336 3321 393 3370 here
404 3324 544 3373 mentioued
554 3339 634 3372 seems
646 3333 671 3371 to
683 3322 745 3373 bave
756 3325 820 3374 been
830 3325 871 3375 the
883 3325 967 3384 stom,
980 3314 1061 3376 some·

149 3374 213 3424 what
226 3377 304 3426 below
318 3379 480 3442 Canterbary.
