2276 3782
449 303 543 346 susa
562 259 602 344 ni
939 279 994 338 165

70 404 995 602 russurrmnnusnsurestituitur

68 565 135 674 {aas
146 550 243 606 deerat
254 551 379 606 eudocia.
414 554 450 606 At
462 551 489 604 in
501 549 633 621 ejusmodi
646 546 854 624 difficultatibus,
864 553 995 625 quentum

87 620 204 688 'mentia
229 620 364 690 provideri
388 629 497 690 poterat,
518 617 707 689 providebatur
714 634 722 686 3
747 624 776 669 ut
796 625 885 684 potrus
903 632 930 666 ιιι
951 629 995 666 no-

69 689 151 742 cendo
162 689 272 759 aliquid
284 690 457 768 omitteretur²
470 689 522 744 etsi
533 687 656 740 omnium
666 686 751 740 enimi
761 685 797 738 ed
809 683 993 738 ulciscendum

68 757 204 828 ardebant,
226 774 314 828 quam
336 775 399 812 cum
419 759 509 827 airquo
529 755 827 810 detrimentomilitum
847 764 995 807 noceretur.

68 825 163 884 Ceefflr
181 827 219 882 sd
240 827 370 882 finitimas
388 827 512 886 civitates
529 826 641 880 nuncios
660 824 778 893 dimittit,
797 839 892 878 ornnes
910 821 945 874 ed
966 838 995 873 se

67 905 160 950 evocet
184 913 237 966 spe
258 895 385 966 praedae,
402 896 437 949 ad
457 893 623 966 diripiendos
643 894 791 963 Eburones,
811 901 841 946 ut
862 893 949 972 potius
969 891 996 942 in

68 962 141 1019 silvis
163 965 309 1022 Gallorum
331 965 393 1034 vita,
417 981 502 1045 quarn
523 963 684 1032 legionarius
706 963 794 1021 miles¹
817 961 995 1032 periclitatum

68 1032 146 1086 simul
174 1042 215 1104 ut,
238 1050 339 1103 magna
356 1033 527 1089 multitudine
550 1033 719 1101 circumfusa,
740 1048 787 1101 pro
812 1030 857 1084 tali
878 1031 996 1084 facinore

68 1102 145 1172 stirps
155 1119 192 1158 sc
204 1120 305 1158 nomeu
318 1103 433 1158 civitatis
450 1103 562 1160 tolletur.
599 1102 718 1170 Magnus
736 1101 853 1171 undique
869 1115 997 1154 numerus

68 1170 192 1226 celeriter
204 1172 342 1226 convenit.
593 1215 594 1220 ι

101 1243 142 1292 35.
162 1241 244 1296 Haeo
256 1241 283 1295 in
294 1241 419 1294 omnibus
436 1241 592 1296 Eburonum
604 1239 724 1309 pertibus
745 1238 914 1308 gerebantur,
927 1238 997 1292 dies·

68 1308 998 1380 queappetebat¹septisrusquemaddiemCaessradimpedimenta

68 1376 263 1458 legionemque
281 1379 378 1432 reverti
394 1380 575 1436 constituerat.
612 1379 671 1448 Hic,
684 1386 813 1448 quantum
826 1378 851 1432 in
863 1377 935 1432 bello
948 1378 998 1429 sor·

69 1453 132 1502 tuua
150 1457 240 1518 possit
251 1455 280 1502 et
294 1455 408 1517 quantos
424 1447 519 1502 afferet
536 1464 623 1517 ossus,
643 1447 768 1516 cognosci
785 1446 878 1516 potuit.
915 1447 998 1500 Dissi-

69 1517 138 1584 ustis
155 1534 192 1571 ac
210 1517 358 1588 perterritis
375 1516 503 1586 hostibus,
516 1525 544 1570 ut
562 1516 814 1584 demonstravimus,
827 1531 924 1568 manus
941 1525 998 1568 erat

70 1585 150 1654 nulls,
172 1603 248 1656 quae
267 1602 376 1655 parvam
400 1587 486 1642 modo,
503 1602 613 1640 oaumm
637 1585 738 1639 timoris
760 1583 877 1640 afferret.
914 1584 998 1636 Trans

69 1651 200 1710 Rhenum
216 1655 250 1708 ad
269 1656 418 1708 Genusnos
433 1656 554 1726 pervenit
573 1655 653 1723 same,
667 1655 743 1724 diripi
763 1653 902 1708 Eburones
918 1661 999 1732 atque

69 1722 147 1776 uitro⁸
158 1741 258 1788 omues
268 1723 304 1778 sd
316 1723 443 1793 praedam
461 1725 575 1778 evocari.
612 1725 713 1792 Cogunt
760 1723 848 1775 uitum
859 1722 912 1774 duo
925 1721 998 1774 mdia

71 1789 215 1862 Sigambri,
238 1792 285 1862 qui
310 1801 370 1852 suut,
393 1793 505 1862 proximi
534 1793 637 1862 Rheno,
659 1809 677 1846 e
699 1792 745 1862 qui
765 1807 798 1846 us
821 1799 942 1860 receptos
965 1808 998 1844 ex

71 1857 135 1929 suge
154 1863 306 1916 Tencteros
328 1871 409 1931 etque
429 1863 556 1932 Usipetes
574 1879 654 1932 supra
670 1861 812 1915 docuimus
821 1862 838 1913 :⁴
862 1870 999 1914 transeunt

72 1927 201 1986 Rhenum
228 1929 343 1984 navibus
368 1931 529 2004 ratibusque,
546 1946 610 1986 m.
637 1930 746 1986 milibus
774 1947 901 2000 passuum
931 1931 999 1984 iufra

72 2013 136 2052 eum
148 2000 250 2069 locum,
259 1998 306 2054 ubi
318 2009 448 2068 ponserat
457 2001 605 2070 perfectus⁸
613 2000 829 2070 praesidiumque
841 2001 876 2054 ab
885 2001 999 2056 Caesare

73 2067 214 2125 relietum:
238 2069 348 2137 primos⁸
366 2069 520 2124 Eburonum
542 2071 610 2124 fines
629 2070 738 2139 adeunt,
759 2069 858 2124 multos
876 2087 910 2124 ex
928 2069 999 2139 fuga'

73 2133 212 2206 dispersos
228 2131 371 2207 excipiam,
384 2154 481 2207 magno
499 2139 602 2208 pecoris
620 2155 738 2207 numero,
752 2139 830 2192 on‘us
848 2149 909 2192 sunt
928 2141 1000 2210 cupi·

74 2202 180 2262 dissimi
207 2205 319 2276 berberi,
345 2207 489 2276 potiuntur.
532 2207 639 2262 Invitati
663 2209 762 2278 praede
797 2210 891 2276 ongius
911 2226 1000 2279 proce·

74 2272 156 2330 dunt:
176 2292 230 2330 non
243 2274 292 2329 hos
304 2276 390 2345 psius,
404 2276 431 2330 in
450 2275 521 2330 bello
540 2276 737 2347 latrociniisque
755 2287 838 2346 natos,
852 2295 904 2330 nou
916 2279 1001 2337 siluae

75 2354 230 2399 morantur:
249 2343 348 2414 quibus
366 2345 394 2398 in
412 2344 477 2398 locis
495 2345 529 2398 sit
547 2346 653 2416 Caesar,
672 2363 707 2399 ex
724 2345 837 2414 captivis
854 2357 1001 2416 quaernn13

74 2411 227 2481 profectum
237 2412 341 2482 longius
358 2413 491 2484 reperiunt
508 2429 670 2494 omnemque
683 2417 829 2467 exercitum
842 2415 1001 2469 discessisse

75 2490 249 2552 cognoscunt.
285 2484 374 2554 Atque
393 2498 462 2536 unus
481 2499 515 2536 ex
533 2484 652 2553 captivis,
666 2482 730 2552 quid
744 2499 797 2549 vos,
818 2483 911 2551 inquit,
931 2484 1001 2536 hanc

75 2551 205 2605 miseram
215 2567 248 2604 ac
260 2558 370 2604 tenuem
387 2552 527 2606 sectamini
539 2551 675 2622 praedam,
688 2550 859 2621 quibuslicet
871 2550 927 2620 jam
940 2569 1000 2604 esse

75 2616 312 2675 fortunatissimis?
353 2620 449 2675 Tribus
472 2615 734 2694 horis'hduatucam
758 2620 849 2673 venire
863 2621 999 2688 potestis:

104 2748 181 2800 ¹The
200 2747 348 2798 nominative
405 2750 513 2799 icmrim
531 2752 598 2798 miles
614 2750 635 2800 is
654 2765 667 2797 a
683 2748 748 2797 briei
759 2748 807 2798 and
822 2749 918 2798 conone
929 2749 1001 2798 mode
1092 2771 1094 2780 ·

75 2806 115 2916 zia
114 2805 244 2880 peaking,
257 2805 352 2856 instead
366 2821 382 2856 o
409 2807 451 2855 the
468 2823 535 2856 more
553 2807 641 2869 logical
656 2809 797 2868 expression
808 2810 858 2856 sita
873 2810 1001 2870 memes

102 2876 242 3002 ’Zetes
250 2937 360 3000 signifies
374 2943 414 2987 ‘to
424 2938 562 2998 approach‚'
576 2938 707 3000 especialb
718 2940 742 2988 in
753 2940 875 2988 reference
886 2949 912 2988 to
922 2939 990 2987 time.

103 3011 198 3061 'Ultro
214 3010 332 3068 indicates
349 3010 402 3059 that
421 3025 469 3071 orry
483 3025 529 3060 one
545 3011 624 3074 might
637 3023 721 3070 ‚coma
738 3013 840 3061 without
857 3013 930 3072 being
945 3026 999 3071 spe·

76 3070 149 3131 ciaily
160 3068 321 3120 commended
331 3084 359 3118 or
369 3069 447 3119 called
457 3085 530 3130 upon.

102 3145 113 3174 ι
185 3141 190 3152 .

103 3220 114 3248 ⁸
123 3142 256 3276 ῗιῗίιιναιῖιθ
257 3177 318 3264 here
329 3213 350 3262 is
360 3213 403 3262 the
413 3230 482 3264 seme
492 3231 519 3264 ss
528 3218 612 3277 factm
623 3231 651 3266 or
661 3215 804 3266 cestrense.

89 3317 91 3326 ι
104 3288 235 3345 'Probum
251 3286 306 3336 that
317 3287 347 3343 is,
360 3286 431 3336 those
442 3286 522 3336 which
533 3303 599 3337 were
609 3299 705 3338 nearest
717 3297 744 3336 to
754 3289 830 3336 them.

107 3360 243 3423 'Btssgs
256 3358 438 3421 ‘immediately
447 3358 527 3418 eiter‚’
539 3375 567 3410 or
580 3361 618 3409 ‘in
628 3374 795 3420 consequence
804 3359 832 3409 os
838 3359 901 3408 their
911 3359 999 3422 flight)
