2268 3786
168 259 223 322 122
464 279 505 320 nu
526 279 623 320 eunuc
644 279 781 322 eunuco.

163 387 278 444 colorem
296 395 377 460 atque
396 387 447 442 hoc
465 387 609 442 horridiore
622 398 683 442 sunt
695 390 723 444 in
735 407 824 461 pugna
835 390 981 461 adspectu:
999 393 1068 463 copil
1128 427 1129 442 r

163 459 241 529 loque
259 467 320 512 sunt
338 458 467 530 promisso
484 467 566 528 atque
584 461 657 512 omni
676 469 751 530 parte
769 461 884 530 corporis
896 478 963 532 ram,
977 474 1079 532 praeter
1128 455 1129 504 l

162 539 242 600 caput
256 539 283 582 et
297 528 402 582 labrum
420 529 552 600 superius.
588 528 691 582 Uxores
709 530 810 584 habent
827 531 889 584 deni
908 531 1096 602 duodenique·

164 599 230 652 ‘nter
242 615 272 652 se
284 615 449 669 communes,
468 611 495 652 et
513 599 632 652 maxime
651 598 746 652 fratres
763 617 828 655 cum
845 601 970 654 fratribus
988 619 1078 671 paren·

163 679 189 722 te
224 685 257 722 ue
270 686 333 722 curn
345 668 450 738 liberis,
469 667 517 722 sed
530 669 552 722 si
564 668 608 738 qui
623 677 683 722 sunt
696 686 730 724 ex
743 669 785 723 his
798 672 860 740 nati,
874 688 969 725 eorum
980 671 1078 725 baben·
1128 671 1129 708 l

163 685 302 862 tulllbibessri,
315 742 375 820 quo¹
383 739 506 861 primum
517 738 590 806 virgo
602 755 726 808 quaeque
738 739 855 793 deducta
866 749 917 794 est.

233 849 238 861 .
283 819 370 878 quites

161 887 217 932 tatu
235 889 322 932 nostro
341 880 367 932 in
385 879 479 932 itinere
497 877 680 948 conflixerunt,
700 888 790 932 tamen
808 881 846 932 ut'
857 881 937 932 nostri
955 882 1080 940 omnibus

160 949 280 1018 partibus
297 949 446 1018 superiores
458 947 556 1002 luerint
572 956 653 1017 atque
666 965 713 1000 eos
725 951 750 1002 in
764 949 846 1003 silvas
858 950 995 1018 collesque
1007 967 1078 1003 oom-

160 1018 290 1088 pulerint:
310 1018 358 1072 sed
376 1017 559 1088 compluribus
577 1017 725 1072 intersectis
742 1019 866 1088 cupidius
884 1020 998 1072 insecuti
1016 1035 1079 1074 non·

160 1087 247 1142 nullos
264 1105 298 1142 ex
316 1088 370 1142 suis
388 1089 543 1140 amiserunt.
580 1090 615 1140 Ar
634 1087 680 1157 illi,
695 1089 846 1142 intermisso
865 1089 1079 1159 spatio‚’imprrr-

160 1157 286 1212 dentibus
314 1158 409 1211 nostris
438 1168 519 1227 atque
543 1159 681 1227 occupatis
704 1158 736 1210 in.
754 1159 900 1212 munitione
924 1169 1078 1230 castrorum,

160 1227 248 1282 subito
261 1245 290 1280 se
302 1244 336 1281 ex
348 1228 422 1281 silvis
435 1229 573 1298 ejecerunt
586 1228 742 1298 impetuque
754 1227 781 1280 in
795 1245 841 1280 eos
853 1228 931 1297 facto,
946 1229 992 1298 qui
1005 1239 1081 1284 eraut
1128 1229 1129 1286 l

159 1297 187 1351 in
208 1298 321 1352 statione
342 1315 388 1380 pro
408 1297 502 1352 castris
521 1295 651 1367 collocati,
673 1297 770 1349 acriter
789 1309 990 1368 pugnaverunt:
1014 1299 1079 1352 dua-

159 1365 263 1438 busque
275 1369 365 1422 missis
377 1367 495 1422 subsidio
507 1365 661 1421 cohortibus
672 1383 688 1418 a
699 1367 821 1438 Caesare,
835 1377 916 1437 atque
929 1367 974 1421 his
985 1370 1081 1440 primis

159 1436 295 1506 legionum
305 1437 426 1507 duarum,
437 1454 520 1506 quum
530 1436 601 1506 hae‚⁴
613 1437 756 1507 perexiguo
767 1437 916 1490 intermisso
929 1437 981 1492 loci
995 1439 1080 1508 spatio

158 1507 228 1562 inter
239 1525 276 1578 se,
290 1507 477 1575 constitissent,
492 1523 559 1559 noro
571 1523 670 1576 genere
679 1523 793 1576 pugnae
811 1509 956 1577 perterritis
973 1511 1079 1579 nostris,

159 1594 206 1648 per
223 1577 327 1632 medios
346 1577 526 1630 audacissime
582 1585 729 1646 rruperunt,
747 1593 831 1645 seque
849 1577 911 1630 inde
929 1577 1081 1632 incolumes
1128 1591 1129 1594 ’

158 1659 325 1717 receperunt.
362 1647 401 1702 Eo
424 1647 469 1701 die
493 1645 525 1706 Q.
572 1646 679 1701 aberius
697 1647 791 1714 Durus,
812 1645 934 1700 tribunus
951 1648 1080 1718 militum,

158 1717 322 1772 interficitur.
358 1717 407 1785 Illi,
421 1715 540 1788 pluribus
553 1715 683 1776 immissis
694 1714 855 1785 cohortibus,
869 1717 1047 1786 repelluntur.

196 1792 235 1840 16.
255 1787 321 1840 'l’oto
339 1786 389 1840 boc
407 1787 433 1840 in
451 1803 550 1856 genere
567 1802 681 1856 pugnae,
696 1803 780 1856 quum
797 1785 847 1838 eub
859 1786 943 1838 oculis
955 1788 1081 1841 omnium

157 1871 191 1910 ae
211 1857 267 1926 pro⁹
287 1856 381 1910 castris
401 1856 580 1924 dimicaretur,
602 1854 769 1908 intellectum
788 1864 837 1925 est,
851 1864 952 1908 nostros
970 1866 1081 1928 propter

157 1925 316 1994 gravitatem
332 1943 475 1996 armorum,
491 1925 561 1997 quod
580 1942 669 1995 neque
688 1923 792 1994 insequi
811 1925 941 1978 cedentes
959 1936 1081 1996 possent,

158 2011 245 2075 neque
266 1995 301 2050 ab
321 1995 404 2064 signis
423 1995 564 2048 discedere
587 1995 724 2064 auderent,
744 1994 835 2048 minus
854 2004 932 2064 aptos
952 2012 1016 2050 esse
1036 1995 1083 2049 ad‘

157 2063 238 2136 hujus
254 2065 360 2135 generis
378 2064 500 2134 hostem,
518 2065 625 2136 equites
643 2073 736 2116 autern
756 2081 855 2132 magno
875 2081 939 2118 cum
996 2065 1082 2119 riculo
1128 2085 1129 2088 ¹

156 2135 256 2204 proelio
280 2135 416 2206 dimicare,
442 2143 582 2205 propterea
605 2133 675 2204 quod
700 2133 739 2186 illi
763 2133 845 2188 etiarn
871 2151 936 2188 cons
966 2143 994 2188 to
1024 2135 1082 2206 ple·

156 2220 270 2274 rumque
294 2203 428 2276 cederent,
455 2214 481 2259 et
505 2221 591 2274 quum
614 2202 724 2274 paulum
748 2203 784 2256 ab
806 2201 953 2273 legionibus
976 2214 1083 2258 nostros

157 2275 341 2344 removissent,
355 2291 390 2328 ex
402 2274 506 2330 essedis
523 2274 661 2328 desilirent
678 2281 706 2326 et
724 2273 839 2344 pedibus
856 2273 957 2344 dispari
975 2273 1081 2344 proelio

400 809 501 861 ostium
513 807 694 878 essedariique
706 810 804 862 acriter
820 811 918 880 proelio
930 827 995 864 cum
1006 812 1078 880 equi·

155 2452 210 2504 The
219 2455 277 2502 verb
289 2456 398 2562 inpediunt
410 2455 526 2503 indiceres
537 2453 589 2502 that
600 2453 642 2500 the
653 2451 700 2513 dye
709 2468 760 2500 was
771 2451 866 2512 applied
877 2461 919 2500 not
930 2451 991 2512 only
999 2462 1027 2501 to
1039 2453 1083 2502 the

154 2513 247 2562 surleoo
258 2513 306 2561 ol't
355 2514 420 2571 elin,
433 2516 476 2562 but
492 2511 671 2573 penetrandis,
685 2511 732 2560 end
748 2510 806 2560 thus
822 2511 912 2560 caused
929 2511 971 2560 the
987 2511 1039 2573 dye
1057 2523 1083 2562 to

154 2587 243 2634 appear
253 2573 302 2622 like
314 2574 355 2622 the
367 2573 462 2622 natural
472 2573 555 2622 oolour
565 2571 593 2621 of
605 2571 646 2620 the
657 2571 721 2620 skin.

180 2658 274 2768 llewlr
287 2659 339 2709 thet
351 2661 381 2718 ie,
392 2664 425 2709 ud
434 2677 501 2722 quos,
514 2675 541 2710 or
551 2662 578 2709 in
588 2665 688 2722 'quorum
696 2661 794 2707 donea*
812 2656 933 2708 Deducere
948 2658 970 2708 is
987 2669 1016 2709 to
1026 2659 1084 2710 lead

155 2733 171 2768 ⁸
182 2735 356 2850 'lllletllsllwila
366 2801 444 2842 tusses
453 2802 489 2842 ut.

183 2867 318 2928 'Nemely,
332 2868 450 2930 temporis,
465 2865 540 2914 ‘aster
549 2865 591 2914 the
602 2865 670 2924 lapse
681 2863 708 2913 of
720 2879 788 2912 some
799 2863 875 2912 time?

183 2945 192 2974 ⁴
202 2941 351 3048 Respeotinp
361 2941 403 2989 the
411 2944 454 2989 ltus
464 2939 525 2989 after
533 2939 574 2989 the
585 2937 690 2988 eblatire
701 2937 821 2996 absolute,
832 2952 874 2986 see
886 2937 920 2986 iii.
931 2939 968 2996 14,
981 2950 1044 2990 note
1052 2944 1083 2998 ’ἴς

154 3015 266 3063 comparo
277 3001 335 3050 ir.2
351 3036 358 3057 ‚
370 3013 428 3048 note
437 3002 457 3048 1.

184 3077 253 3127 'Pro
266 3074 332 3130 here,
351 3089 377 3122 as
394 3073 419 3121 in
435 3088 508 3134 many
518 3071 588 3122 other
598 3069 688 3132 places,
700 3069 722 3118 is
732 3069 774 3118 the
789 3083 857 3118 same
868 3085 895 3118 es
905 3079 973 3130 ante,
987 3087 1017 3122 or
1027 3081 1086 3122 ants

155 3139 271 3200 fronton,
286 3133 324 3182 ‘iu
334 3132 396 3181 sront
408 3132 447 3181 ol!

183 3211 257 3260 ⁸'l'he
268 3209 413 3270 proposition
421 3211 461 3264 ad,
471 3206 565 3256 instead
576 3204 604 3254 of
611 3206 653 3255 the
660 3203 747 3274 simple
756 3202 836 3253 dative
845 3203 914 3260 lorti,
925 3203 1031 3275 implius
1042 3212 1085 3254 not

156 3267 486 3388 lsslbfiylmdlddldlltuilw
495 3267 606 3328 eguinum
620 3265 671 3314 that
683 3279 712 3320 rs,
723 3263 808 3312 fitness
819 3273 844 3312 to
854 3259 916 3323 fight
928 3275 1030 3325 against
1042 3264 1084 3314 the
