2268 3786
157 301 214 364 1OE
458 317 499 358 ns
520 315 616 358 senno
637 315 775 360 usnemu.

155 443 285 486 manum:
305 426 466 498 impeditum
484 427 575 480 hostes
592 426 811 481 circumsistunt..
835 427 971 483 Succurrit
991 429 1076 482 inimi·

154 517 205 553 cus
217 497 257 552 illi
269 498 389 552 Varenus
401 507 428 550 et
441 497 569 550 laboranti
582 497 714 551 subvenit.
750 497 793 551 Ad
806 498 877 551 bunc
890 517 919 552 se
932 497 1075 554 confestim

155 585 174 622 a
199 568 317 622 Pnlfions
341 567 427 620 omnis
450 567 592 620 multitudo
614 569 760 620 convenit:
781 567 855 621 illum
875 579 969 622 veruto
993 577 1074 622 trans-

157 638 240 692 fixum
252 637 420 692 arbitrantur.
457 638 583 691 occursat
601 638 675 689 ocius
692 637 780 706 gladio
797 641 1005 707 comminusque
1019 655 1073 692 rem

156 707 225 776 gerit
243 707 373 776 Varenus,
391 716 473 776 etque
497 723 549 760 uno
573 704 713 760 interiecto
737 706 850 776 reliquos
909 707 997 760 ullum
1018 725 1073 778 pro·

157 775 250 846 pellit;
261 776 327 830 dum
340 775 462 846 cupidius
474 777 560 845 instat,
572 779 597 828 in
611 774 700 829 locum
712 775 862 830 inferiorem
891 777 1006 846 ejectns¹
1014 795 1073 830 con·

156 847 231 900 cidit.
268 847 338 900 Huic
351 863 441 899 rursus
453 845 634 900 circumvento
654 846 705 898 lert
723 845 875 899 subsidium
888 847 975 900 Pulfio
994 859 1073 915 atque
1123 887 1124 904 .

64 971 66 978 ,
157 916 237 970 ambo
250 915 405 983 incolumes,
417 914 600 984 compluribus
618 916 772 982 intersectis,
786 931 892 969 summa
910 933 975 969 cum
994 916 1072 969 laude
1123 933 1124 936 ¹

157 1001 218 1038 sese
239 985 306 1038 intra
322 985 485 1038 munitiones
506 985 642 1054 recipiunt.
678 984 721 1038 Sic
736 985 840 1037 fortuna
858 987 884 1042 in
902 987 1072 1038 contentione
1123 1033 1124 1040 ,

157 1064 185 1108 et
209 1055 356 1108 certamine
380 1063 523 1124 utrumque
546 1055 683 1107 versavit·
704 1063 733 1108 ut
756 1054 824 1106 alter
849 1041 926 1108 alteri
949 1056 1073 1108 inimicus

154 1124 256 1176 auxilio
280 1125 413 1193 salutique
438 1135 516 1192 esset,
542 1140 629 1192 neque
653 1093 793 1194 dijudicari
816 1135 915 1196 posset,
939 1134 999 1178 uter
1023 1126 1071 1177 utri

157 1193 252 1247 virtute
264 1192 455 1248 anteferendus
468 1193 608 1246 rideretur.

193 1269 234 1317 45.
253 1263 358 1322 Quanto
370 1272 427 1316 erat
439 1263 464 1315 in
477 1263 537 1316 dies
548 1263 651 1332 grayior
668 1271 749 1332 atque
765 1264 882 1332 asperior
899 1263 1071 1334 oppugnatio,
1123 1287 1124 1312 1

155 1341 184 1386 et
203 1333 321 1386 maxime
338 1333 416 1412 quod,
431 1344 527 1401 magna
545 1341 619 1402 parte
638 1333 752 1386 militum
772 1333 894 1385 conlecta
906 1335 1070 1402 vulneribus,
1123 1337 1124 1348 ¹

156 1417 200 1455 res
219 1403 254 1456 ad
275 1411 438 1473 paucitatem
457 1403 630 1455 delerrsorum
649 1412 814 1472 pervenerat,
835 1411 905 1454 tanto
924 1404 1072 1456 crebriores

155 1471 259 1526 litterae
279 1473 424 1542 rrnnciique
444 1472 478 1524 ad
498 1473 643 1524 Caesarem
664 1471 851 1524 mittebantur:
877 1489 991 1542 quorum
1013 1489 1072 1540 pars
1123 1513 1124 1536 p

154 1541 324 1612 deprehensa
344 1543 372 1594 in
391 1551 534 1611 conspectu
559 1549 704 1594 nostrorum
729 1542 841 1594 militum
865 1559 927 1594 cum
951 1545 1071 1595 cruciatu
1123 1567 1124 1594 3

154 1613 326 1666 necabantur.
365 1611 426 1664 Erat
447 1625 516 1664 nnus
533 1611 613 1664 intus¹
624 1611 746 1677 Nervius,
765 1611 871 1663 nomine
884 1611 1000 1680 Venice,
1015 1611 1071 1664 loco
1123 1659 1124 1670 ,

154 1692 234 1736 natus
246 1681 365 1750 honesto,
375 1680 422 1749 qui
434 1697 451 1734 a
463 1681 548 1750 prima
559 1680 696 1733 obsidione
707 1680 742 1732 ad
751 1681 907 1733 Ciceronem
917 1681 1071 1750 perfugerat
1123 1677 1124 1692 ¹

154 1751 287 1821 suamque
299 1751 327 1806 ei
336 1749 420 1804 fidem
432 1752 608 1818 praestiterat.
645 1749 696 1802 Hic
708 1765 784 1802 sarro
797 1767 844 1818 spe
853 1749 986 1803 libertatis
998 1767 1071 1819 mag·

154 1821 251 1889 nisque
268 1818 411 1890 persuadet
429 1820 563 1940 praemiis,
576 1829 606 1872 ut
624 1819 727 1872 litteras
744 1819 779 1872 ad
794 1819 939 1872 Caesarem
955 1818 1070 1872 delerat.

153 1888 210 1942 llas
221 1889 267 1943 ille
279 1891 307 1941 in
318 1887 407 1957 jaculo
420 1891 428 1940 i
440 1888 535 1957 ligatas
547 1888 624 1941 effert
632 1891 694 1957 ;‘¹et
705 1888 801 1942 Gallus
818 1889 887 1941 inter
901 1888 995 1942 Gallos
1013 1889 1071 1942 sine

154 1957 210 2010 ulla
230 1958 381 2027 suspicione
398 1969 521 2011 versatus
540 1955 575 2010 ad
593 1959 737 2012 Caesarem
755 1958 885 2028 pervenit.
922 1958 1018 2011 Abeo
1037 1958 1071 2012 de
1123 1987 1124 2006 1

153 2027 282 2096 periculis
293 2027 605 2096 Ciceronislegionisqne
618 2027 793 2096 cognoscitur.
1123 2065 1124 2068 ,

187 2101 229 2148 46.
243 2097 349 2165 Caesar,
358 2096 478 2165 acceptis
490 2097 585 2150 littaris
598 2096 661 2150 hora
673 2098 778 2150 circiter
790 2096 933 2150 undecima
944 2097 1007 2166 diei,
1019 2105 1071 2149 sta·
1123 2127 1124 2156 3

152 2164 199 2218 tim
213 2165 341 2219 nuncium
354 2165 380 2218 in
394 2165 549 2220 bellovacus
561 2167 595 2220 ad
605 2167 645 2220 M.
655 2167 790 2220 Crassum⁵
798 2175 969 2235 quaestorem
980 2168 1069 2236 mittit,
1123 2203 1124 2234 .

152 2233 231 2304 cujus
243 2234 355 2288 bibema
363 2235 473 2288 aberant
485 2235 520 2288 ab
533 2248 565 2287 eo
578 2235 652 2289 milia
664 2251 793 2304 passuum
805 2251 870 2288 xxv.
888 2235 970 2289 lubet
979 2236 1071 2288 media
1123 2237 1124 2262 l

151 2312 230 2357 nocte
250 2303 384 2372 legionem
405 2305 537 2374 proticisci
558 2305 735 2374 celeriterque
754 2304 788 2358 ad
809 2321 839 2356 se
857 2305 958 2358 venire.
998 2305 1071 2359 Exiit

151 2375 325 2428 ennnnnneio
337 2375 455 2428 Crassus.
492 2375 615 2428 Alterum
628 2375 662 2427 ad
674 2375 704 2427 C.
719 2374 832 2428 Fabium
845 2373 965 2443 legatum
978 2375 1070 2444 mittit,

150 2443 219 2498 utin
232 2443 404 2498 Atrebatium
422 2443 490 2497 fines
507 2444 640 2512 legionem
659 2443 782 2512 adducat,
796 2460 851 2512 qua
868 2444 919 2497 sibi
938 2445 989 2496 iter
1007 2444 1071 2497 laci-

149 2513 253 2568 undum
266 2513 377 2568 sciebat.
408 2511 502 2567 Scribit
515 2513 640 2584 Labieno,
654 2513 676 2566 si
690 2512 863 2582 reipublicae⁸
874 2513 1017 2566 commodo
1031 2513 1068 2566 la·

149 2599 211 2637 cere
223 2593 321 2656 posset,
332 2599 395 2638 cum
408 2583 512 2652 legione
524 2582 559 2636 ad
571 2583 639 2636 fines
651 2583 811 2636 Nerviorum
819 2583 923 2636 veniat:
938 2583 1071 2652 reliquam

178 2771 305 2834 ¹Dejertas
316 2773 337 2821 is
348 2777 356 2836 ,⁸
363 2772 447 2822 driven
457 2773 540 2830 beck:
552 2788 580 2822 or
592 2771 729 2834 ‘repausa’

177 2843 324 2902 ’Veratrum
342 2845 394 2894 that
405 2846 435 2904 is,
448 2846 534 2895 turned
553 2845 595 2894 the
611 2846 676 2896 scale
691 2847 834 2896 sometimes
850 2847 908 2905 this,
925 2848 973 2896 and
989 2865 1069 2898 soma·

148 2904 221 2954 times
238 2905 290 2952 that
301 2919 364 2966 way,
377 2919 404 2954 or
414 2905 502 2966 played
512 2905 572 2954 with
584 2905 659 2957 them.
691 2905 746 2976 Tire
761 2909 878 2954 eontentio
889 2908 910 2954 is
921 2907 963 2976 the
980 2909 1070 2979 rivalry

147 2965 266 3072 ppffigp
276 2963 318 3012 the
335 2974 385 3012 two
400 2980 465 3022 men,
479 2967 522 3014 but
533 2965 574 3012 the
584 2973 698 3014 remansere
715 2981 735 3014 rs
752 2965 793 3014 the
810 2966 918 3027 struggle
930 2967 992 3016 wrtli
1008 2968 1071 3017 theu

177 3095 274 3153 'Ietae
290 3096 413 3156 ‘withim'
431 3096 519 3158 supply
531 3101 588 3146 ‘our
599 3097 685 3158 camp!

176 3168 284 3230 ‘Effertr
302 3169 390 3232 supply
401 3172 516 3220 constris.

177 3243 186 3270 ⁸
196 3241 242 3288 See
254 3241 322 3303 chop.
332 3247 368 3291 at.

178 3312 335 3375 ‘Respublica
351 3317 371 3364 is
387 3316 444 3365 here
460 3315 521 3365 used
532 3315 557 3364 in
568 3314 609 3364 the
620 3330 692 3367 sense
701 3316 731 3366 ol
744 3317 801 3368 ‘tlre
816 3332 930 3368 common
945 3320 1030 3382 good,'
1043 3337 1069 3370 or

146 3371 215 3418 salas
227 3373 329 3432 publiea.
