2296 3796
152 255 192 320 ὓ
453 277 494 319 ιιι
514 277 612 320 annac
631 275 769 320 eunuco.

64 405 66 417 ¹
151 386 185 440 tis
203 385 288 458 equis,
307 395 336 440 ut
354 395 468 458 aequato
486 386 607 441 omnium
626 384 743 466 periculo
761 401 838 456 spem
857 383 939 454 fugae
957 381 1070 455 tolleret,

151 455 302 510 cohortatus
314 474 376 510 suos
392 456 523 526 proelium
541 455 684 512 commisit.
719 454 963 509 Militeselocosu
1004 454 1070 508 tiore
1129 471 1130 528 ᾗ

151 525 212 604 pilis
228 527 318 580 missis
332 526 411 579 facile
430 525 716 595 hostiumphalangem
765 523 920 592 rfregerunt.
1018 523 1070 578 dis

154 603 226 664 Jacta
236 595 332 664 gladiis
343 595 511 652 destrictisin
524 611 570 650 ecs
579 595 709 665 impetum
733 603 850 647 acernnt.
875 591 962 646 Gallis
973 609 1070 662 magno
1129 599 1130 656 ξ

149 665 185 718 ad
205 682 322 735 pugnarn
345 674 402 718 erat
421 665 620 735 impedimento,
641 663 713 786 (plum
734 662 853 732 pluribus
873 679 967 716 eorum
987 663 1070 716 scutis
1129 723 1130 730 ἵ

152 750 203 787 uno
221 735 275 790 ictu
293 734 405 804 pilorum
425 735 558 788 transfixis
577 743 604 788 et
622 750 654 786 co
675 734 758 802 igatis,
774 741 840 786 cum
860 731 961 784 ferrum
981 749 1012 785 se
1033 733 1069 786 in·

150 802 755 874 flexisset,nequeevellerenequesinistrairn
790 801 1069 856 ditasatiscommode
1129 819 1130 866 ι

150 889 267 944 pugnare
285 882 419 944 poterant,
437 873 515 926 multi
531 882 561 926 ut
578 873 625 926 diu
640 872 739 942 jactato
776 871 864 926 rachio
881 879 1068 940 praeoptarent
1129 919 1130 922 ,

151 951 256 996 scutum
276 959 357 996 manu
377 943 499 996 emittere
520 951 547 996 et
565 942 636 996 nudo
654 958 762 1012 corpore
779 957 906 1011 pugnare.
943 939 1068 994 Tandem
1129 967 1130 996 t

150 1012 304 1066 vulneribus
321 1011 421 1064 defessi
438 1020 465 1064 et
483 1012 581 1081 pedem
597 1011 695 1066 referre
713 1019 748 1081 et,
767 1011 838 1080 quod
854 1027 932 1064 mons
950 1009 1068 1064 suberat¹
1129 1049 1130 1080 ,

150 1081 254 1134 circiter
266 1081 340 1134 mille
352 1098 487 1151 passuum,
497 1081 631 1134 eosereci
667 1093 857 1150 recooperunt.
880 1081 964 1150 Capto
977 1089 1069 1134 monte
1129 1119 1130 1138 ι

150 1159 177 1203 et
190 1150 394 1204 succedentibus
408 1152 502 1204 nostris
513 1151 569 1204 Boii
580 1161 608 1204 et
663 1150 735 1219 lingi,
748 1150 794 1219 qui
807 1150 945 1204 hominum
958 1147 1069 1203 milibus
1129 1153 1130 1220 J

149 1219 253 1274 circiter
264 1237 310 1273 xv.
322 1235 418 1288 agmen
431 1220 548 1275 hostium
559 1219 720 1274 claudebant
731 1231 759 1272 et
771 1218 922 1272 novissimis
933 1219 1068 1289 praesidio

149 1299 220 1342 erant
243 1306 278 1343 ex
289 1289 381 1342 itinere
393 1299 493 1344 nostros
509 1290 591 1344 latere
609 1297 701 1369 aperto
718 1288 837 1358 adgressi
855 1289 1066 1358 circumvenere,

149 1367 177 1412 et
199 1328 229 1412 id
247 1359 390 1428 conspicati
410 1359 534 1429 Helvetii,
555 1359 601 1428 qui
626 1376 653 1411 ιιι
675 1367 794 1412 montem
818 1375 878 1412 sese
901 1367 1066 1438 receperant,
1129 1355 1130 1374 ³

149 1444 240 1482 rursus
257 1429 354 1482 instare
372 1438 399 1482 et
419 1429 548 1500 proelium
569 1427 746 1496 redintegrare
766 1437 917 1498 coeperunt.
954 1428 1068 1481 Romam
1129 1463 1130 1472 ι

148 1513 277 1552 conversa
294 1497 368 1567 signa
385 1499 506 1569 bipartito
524 1497 683 1567 intulerunt,
700 1497 786 1566 prima
804 1506 831 1550 et
848 1495 969 1552 secunda
985 1498 1066 1567 acies,

149 1576 178 1620 ut
198 1568 277 1622 victis
297 1585 330 1620 ac
350 1569 490 1624 summotis
513 1568 654 1638 resisteret,
676 1567 760 1638 tertia,
780 1576 810 1620 ut
829 1567 970 1622 vernentes
990 1567 1067 1621 susti·

147 1647 233 1694 nerei·

183 1712 225 1760 26.
246 1707 287 1760 lta
306 1707 414 1776 ancipiti
434 1705 533 1776 proelio
552 1705 599 1760 diu
622 1714 702 1786 atque
725 1705 821 1758 acriter
843 1713 993 1776 pugnatum
1016 1715 1066 1760 est.
1129 1743 1130 1760 ι

147 1777 254 1830 Diutius
271 1792 334 1828 curn
353 1775 482 1829 sustinere
500 1784 646 1829 nostrorum
664 1784 781 1844 impetus
799 1791 850 1828 non
861 1784 977 1845 possent,
991 1775 1068 1830 alteri

147 1862 185 1916 se,
196 1853 225 1898 ut
234 1853 382 1914 coeperant,
393 1845 419 1898 in
431 1852 550 1898 montem
563 1854 728 1915 receperunt,
737 1843 814 1897 alteri
822 1845 856 1898 ad
870 1844 1068 1914 impedimenta

147 1923 174 1968 et
192 1930 279 1968 carros
296 1931 358 1966 suos
376 1931 405 1966 se
424 1914 606 1968 contulerunt:
625 1914 750 1968 namhoc
764 1923 816 1968 tcto
834 1914 940 1986 proelio,
954 1931 1018 1968 cum
1031 1915 1067 1970 ab
1129 1961 1130 1968 ι

146 1983 211 2037 hora
234 1983 347 2053 septima
365 1983 400 2036 ad
418 2000 561 2054 vesperum
580 1991 727 2054 pugnaturn
751 1985 793 2054 sit,
815 2001 941 2038 aversum
958 1983 1066 2038 hostem
1129 2005 1130 2024 ι

146 2052 324 2108 viderencrrro
337 2053 427 2122 potuit.
448 2053 490 2107 Ad
500 2053 612 2108 multam
621 2063 727 2110 noctem
736 2053 860 2106 etiamad
870 2053 1066 2124 impedimenta

164 2130 293 2191 agnatum
307 2131 354 2192 est,
368 2131 505 2193 propterea
522 2122 593 2193 qnod
606 2139 651 2193 pro
663 2121 732 2176 vello
744 2139 832 2176 carros
843 2123 997 2193 objecerant
1008 2132 1065 2177 ete
1129 2117 1130 2172 i

145 2139 204 2245 llrco
222 2193 355 2261 superiore
374 2193 400 2245 iu
418 2201 519 2245 nostros
531 2193 669 2246 venientes
686 2191 740 2244 tela
758 2191 941 2263 conjiciebant,
955 2201 982 2246 et
1000 2209 1064 2247 nou-

146 2260 212 2315 nulli
230 2261 298 2316 inter
315 2277 403 2315 carros
420 2271 542 2333 rotasque
560 2263 686 2328 mataras‘
702 2278 735 2314 ac
752 2262 868 2330 tragulas
885 2261 1065 2332 subjiciebant

145 2340 300 2401 nostrosque
317 2331 499 2386 vulnerabant.
536 2332 587 2386 Diu
606 2349 670 2384 cum
687 2339 758 2384 esset
775 2339 922 2400 pugnaturn
950 2330 1064 2404 impedi·
1129 2361 1130 2364 =

144 2401 244 2456 mentis
255 2402 402 2471 castrisque
413 2401 494 2454 nostri
505 2402 579 2472 potiti
590 2409 661 2454 sunt.
690 2400 731 2454 lbi
743 2401 902 2469 Orgetorigis
913 2369 969 2454 lilia
980 2409 1063 2470 atque

145 2471 315 2525 unusefiliis
326 2480 420 2542 captus
432 2481 481 2524 est.
513 2471 598 2526 Exeo
610 2469 709 2541 proelio
721 2471 824 2523 circiter
836 2467 1064 2524 hominummilie
1129 2497 1130 2508 ι

144 2557 225 2595 cxxx.
239 2542 424 2610 superfuerunt
440 2551 526 2611 eaque
542 2549 596 2594 tota
612 2549 690 2593 nocte
705 2540 871 2592 continenter
883 2539 985 2593 ierunt:
1004 2539 1062 2594 nul·

144 2607 199 2664 lam
214 2619 317 2680 partem
335 2611 419 2664 noctis
436 2609 530 2664 itinere
547 2610 696 2663 intermisso
713 2608 740 2662 in
758 2609 826 2662 fines
841 2609 1000 2678 Lingonum¹
1016 2608 1062 2663 die

172 2779 299 2836 ¹Soberct,
314 2783 379 2828 ‘was
390 2795 447 2828 near
455 2780 471 2838 ς’
489 2780 531 2828 tho
542 2779 649 2828 distance
660 2781 772 2827 between
783 2779 850 2828 them
861 2779 907 2828 and
918 2779 960 2828 the
974 2795 1061 2832 moun·
1129 2761 1130 2774 ἵ

143 2839 194 2888 tain
203 2855 255 2887 was
266 2841 339 2886 about
355 2854 401 2886 one
416 2838 536 2887 thousand
551 2853 631 2898 paces.
663 2837 718 2886 Tho
734 2837 808 2898 genit.
817 2853 938 2906 passm
953 2839 1061 2899 depende

143 2913 208 3008 ποι
215 2899 287 2966 mille,
297 2897 376 2945 which
388 2897 409 2946 is
420 2897 560 2946 sometimes
568 2897 630 2966 used
641 2913 667 2946 as
678 2913 693 2945 a
703 2899 853 2946 substantive
865 2897 890 2946 in
900 2897 942 2946 the
953 2899 1061 2962 singular

167 2973 202 3006 so.
234 2956 287 3004 Cic.
300 2974 326 3018 p.
338 2955 397 3004 Mil.
408 2959 445 3013 20,
458 2955 548 3018 Ptitip.
560 2971 591 3003 vl.
603 2959 625 3004 5.

170 3029 298 3100 'Metam
307 3045 342 3086 or,
351 3045 378 3078 as
389 3045 456 3077 some
468 3028 529 3078 have
538 3028 565 3086 it,
573 3031 678 3098 macris,
686 3029 707 3098 is
715 3029 816 3078 sceltic
822 3030 898 3100 word,
907 3029 1061 3140 signiipp'nga

142 3089 236 3196 peralta
246 3105 273 3138 or
282 3089 357 3138 lance.
384 3087 440 3136 The
451 3091 548 3151 trogulo
556 3103 607 3137 was
618 3087 728 3137 lihewtse
739 3105 754 3137 a
764 3099 813 3138 sort
822 3087 850 3158 of
853 3089 954 3150 ravello,
964 3099 975 3137 t
1004 3105 1061 3140 own

142 3163 270 3255 Bpifflggns
286 3147 314 3196 cf
327 3164 341 3197 a
355 3147 439 3240 thong.
470 3147 493 3196 It
509 3163 561 3196 was
577 3148 637 3197 used
653 3149 686 3208 by
697 3148 738 3197 the
756 3148 894 3208 Spaniards,
909 3147 996 3208 Gauls,
1013 3149 1060 3200 and

171 3277 249 3346 'Tire
267 3277 390 3340 Lingones
407 3278 531 3328 inhabited
547 3278 588 3328 the
605 3288 708 3340 country
722 3287 748 3327 to
764 3278 806 3328 the
822 3279 964 3332 north-east
975 3281 1004 3334 ol
1016 3281 1058 3335 the

143 3335 234 3394 Aedui,
246 3339 320 3386 about
330 3338 373 3387 the
383 3352 482 3388 sources
492 3338 520 3387 of
531 3337 573 3388 the
583 3338 659 3388 rivers
670 3337 743 3387 Scine
753 3338 802 3388 eud
812 3339 906 3390 Marna.
