2296 3796
166 305 206 366 7¹2
466 272 507 362 rie
528 321 625 364 senno
644 319 779 362 oscsrco.

167 431 274 486 veribus
284 429 331 512 qui
342 440 519 502 superessent,
532 440 563 484 ut
574 447 608 484 ex
620 429 730 500 tumulo,
743 429 798 484 tela
815 429 841 482 in
856 438 958 484 nostros
967 429 1083 502 conjice·

167 510 225 555 rent
237 511 264 554 et
294 501 329 555 1la
342 501 487 570 intercepte
500 501 679 554 remitterent:
693 509 785 554 utnon
799 501 980 570 nequicquam
992 509 1083 554 tantae

166 519 403 624 virtutieiromines
419 569 532 640 judicari
550 569 660 622 deberet
679 585 760 622 ausos
778 585 838 622 esse
858 569 968 624 transire
988 570 1082 625 latissi-

166 657 243 694 mum
254 640 362 704 flumen,
375 639 521 694 escendere
532 637 677 694 altissimas
688 637 869 718 ripas,sobire
881 639 1083 708 iniquissimum

167 711 270 764 locum:
295 726 364 780 quae
385 708 474 764 facilia
493 725 527 764 ex
546 707 711 762 difficillimis
730 709 812 762 anmi
832 709 988 778 magnitudo
1009 711 1082 763 redc-
1139 773 1140 780 ,

185 781 259 834 erat.¹

166 798 184 850 g
203 855 244 903 28.
264 849 320 904 Hoc
337 849 436 918 proelio
454 849 524 902 lacto
542 856 569 900 et
587 863 668 918 prope
686 846 720 899 ad
739 846 939 900 internicionem
955 859 1038 916 gente
1051 867 1083 902 ac

167 920 275 972 nomine
287 918 446 972 Nerviorum
458 917 563 972 redacto
572 915 687 986 majores
698 924 771 984 netu,
781 932 847 986 quos
857 931 910 970 uua
921 934 986 972 cum
994 921 1084 988 pueris

167 988 377 1058 mulieribusque
390 988 418 1040 iu
426 987 558 1042 aestuaria
566 1002 598 1039 ac
607 986 718 1056 paludes
726 986 852 1039 collectos
860 985 1021 1058 dixeramus,
1033 989 1083 1041 hac

167 1076 256 1128 pugne
274 1059 399 1126 nuntiata,
419 1074 481 1112 cum
498 1055 642 1110 victoribus
658 1055 723 1110 nihil
740 1055 907 1126 impeditum,
920 1057 999 1112 victis
1017 1057 1084 1110 nihil

169 1138 255 1180 tutum
266 1126 460 1196 arbitrarentur,
473 1127 600 1195 omnium,
609 1125 654 1195 qui
667 1134 829 1195 supererant,
838 1142 968 1178 consensu
981 1126 1085 1195 legatos

167 1197 200 1249 ad
214 1197 358 1250 Caesarem
375 1196 504 1250 miserunt
522 1211 604 1266 seque
622 1196 648 1248 ei
664 1193 828 1262 dedidemnt,
842 1193 907 1248 etin
918 1211 1083 1250 commemo·

168 1265 250 1320 rande
263 1265 379 1320 civitatis
391 1265 544 1320 calamitate
562 1282 596 1318 ex
614 1264 749 1318 sexcentis
766 1265 800 1318 ad
819 1273 873 1317 tres
891 1276 1037 1333 senatores,
1051 1283 1085 1320 ex

168 1335 307 1389 hominum
317 1327 431 1389 'milibus
446 1353 489 1390 nx.
502 1335 549 1388 vix
559 1334 593 1388 ad
606 1333 770 1404 quingentos,
784 1334 828 1403 qui
845 1351 919 1387 anna
937 1335 1007 1387 ferre
1025 1351 1083 1405 pos-

168 1413 235 1475 sent,
249 1421 309 1458 sese
322 1405 443 1459 redactos
455 1421 516 1458 esse
528 1403 659 1458 dixerunt.
691 1403 763 1462 Quos
774 1403 878 1473 Caesar,
891 1413 919 1456 ut
931 1404 959 1456 iu
970 1406 1085 1462 miseros

167 1492 199 1528 ac
218 1475 352 1546 supplices
369 1491 433 1529 usus
450 1473 631 1528 misericordia
646 1471 785 1542 videretur,
799 1473 1004 1541 diligentissime
1022 1491 1083 1527 con·

167 1545 282 1598 servavit
300 1546 408 1613 suisque
426 1543 523 1598 finibus
540 1551 619 1614 atque
638 1541 742 1611 oppidis
760 1542 798 1594 uti
814 1541 898 1612 J'ussit,
918 1551 945 1595 et
963 1543 1084 1602 finitimis

167 1615 317 1686 imperarit,
327 1626 356 1668 ut
368 1613 403 1668 ab
415 1612 508 1683 injuria
520 1621 547 1667 et
558 1612 692 1666 maleficio
704 1627 733 1664 se
746 1628 859 1681 suosque
871 1611 1062 1681 prohiberent?

203 1689 245 1738 29.
263 1683 404 1752 Aduatuci,
417 1681 567 1765 dequibus
583 1699 662 1752 supra
680 1681 841 1752 scripsimus,
858 1699 941 1760 quum
958 1682 1084 1736 omnibus

129 1793 131 1797 -
167 1755 249 1826 copiis
260 1753 358 1808 auxilio
370 1755 477 1806 Nervus
488 1752 617 1820 venirent,
631 1750 681 1804 beo
700 1767 789 1821 pugna
806 1759 925 1804 nuntiata
941 1769 975 1804 ex
987 1751 1084 1806 itinere
1134 1781 1137 1786 ·

166 1823 278 1876 domurn
290 1831 468 1890 reverterunt3
486 1821 588 1876 cunctis
605 1821 709 1891 oppidis
726 1819 896 1888 castellisque
908 1821 1024 1874 desertis
1036 1837 1084 1875 sua

166 1893 256 1946 omnia
269 1892 296 1944 in
307 1909 391 1946 unum
401 1890 538 1962 oppidum·
548 1891 655 1958 egregie
664 1899 758 1944 natura
765 1890 899 1944 munitum
907 1891 1083 1944 contulerunt.

166 1961 242 2021 Quod
262 1977 325 2014 cum
339 1978 377 2014 ex
394 1961 519 2016 omnibus
536 1961 564 2014 in
582 1960 691 2015 circuitu
728 1959 829 2012 artibus
845 1959 990 2014 altissimae
1004 1975 1085 2030 rupes

166 2030 362 2100 despectusque
375 2029 493 2099 haberet,
506 2047 560 2084 una
574 2047 609 2082 ex
620 2038 694 2099 parte
710 1976 806 2082 ieniter
823 2029 933 2082 acclivis
950 2027 1039 2083 aditus
1057 2029 1086 2082 in

166 2099 335 2153 latitudinem
353 2117 407 2152 non
423 2101 539 2170 amplius
556 2099 731 2152 ducentorum
748 2098 857 2168 pedum‘
871 2099 1070 2168 relinquebatur
1076 2115 1085 2166 ;

166 2187 248 2238 quem
266 2169 355 2222 locum
371 2169 470 2240 duplici
487 2169 616 2222 altissimo
634 2169 718 2221 rnuro⁶
736 2168 894 2237 munierant,
914 2176 972 2222 tum
992 2168 1085 2236 magni

166 2238 291 2307 ponderis
307 2255 371 2292 saxa
386 2249 413 2292 et
429 2248 587 2310 praeacutas
599 2238 686 2292 trabes
699 2237 725 2290 in
738 2254 813 2290 muru
825 2235 994 2290 collocarent.
1030 2237 1084 2306 lpsi

167 2317 242 2360 erant
260 2326 294 2362 ex
312 2307 428 2364 Cimbris
443 2307 556 2366 Teutoni
590 2325 624 2361 ue
643 2307 769 2377 prognati,
784 2306 914 2375 quicum
925 2307 976 2360 iter
987 2307 1015 2360 in
1026 2323 1086 2376 pro·

165 2377 284 2433 vinciam
301 2387 419 2434 nostram
435 2386 522 2448 atque
545 2379 567 2431 lt
596 2377 651 2432 iam
673 2376 799 2446 lacerent,
819 2375 851 2430 iis
874 2375 1085 2447 impedimentis,

174 2493 225 2500 1--0-
228 2493 239 2498 -.
245 2495 249 2498 .
256 2495 286 2500 ψ.-

196 2553 330 2616 ¹Redigers
344 2553 401 2615 here
418 2553 463 2602 has
478 2553 520 2601 the
537 2567 604 2602 same
620 2553 733 2612 meaning
743 2567 770 2600 as
781 2553 887 2609 reddere,¹
899 2555 942 2600 ‘to
953 2551 1045 2609 malre‚’
1057 2567 1087 2602 or
1139 2547 1140 2582 t

169 2613 276 2674 ‘change
288 2629 302 2661 a
313 2613 382 2674 thing
393 2613 454 2661 from
464 2628 511 2662 one
522 2613 644 2661 condition
656 2621 681 2660 to
692 2611 809 2660 another!

196 2675 366 2736 trasturas
378 2687 435 2738 here
447 2687 549 2748 belongs
557 2695 584 2734 to
591 2685 651 2735 both
659 2702 685 2734 se
695 2684 742 2733 and
753 2701 817 2741 suos,
828 2682 922 2744 though
935 2687 974 2731 ‘to
983 2684 1087 2732 restrain

166 2749 235 2795 one's
254 2745 304 2794 seli
307 2747 313 2767 ¹
327 2745 397 2793 alone
415 2761 460 2793 can
479 2744 588 2804 scarcely
605 2746 635 2793 be
655 2743 787 2803 expressed
805 2745 838 2804 by
853 2759 879 2791 se
894 2745 1021 2807 prohibere,
1040 2745 1085 2792 but

166 2815 232 2856 must
243 2808 273 2855 be
284 2803 401 2853 rendered
413 2805 491 2852 either
501 2807 535 2864 by
544 2807 662 2853 abstinere
672 2819 699 2852 or
709 2820 735 2851 se
744 2804 868 2851 abstinere.

196 2879 205 2908 ⁸
216 2877 291 2926 What
303 2889 370 2926 town
381 2877 401 2926 is
413 2887 494 2927 meent
506 2876 563 2927 here
575 2878 596 2927 is
605 2876 730 2926 uncertain
738 2891 745 2934 3
753 2885 826 2925 'some
837 2875 933 2924 believe
942 2875 995 2924 thet
1006 2875 1024 2924 it
1034 2891 1086 2925 was

166 2939 207 2988 the
224 2937 324 2986 medem
341 2947 405 2985 town
417 2936 444 2984 of
461 2936 565 2994 Nomur,
578 2937 625 2986 and
641 2936 724 2985 others
742 2935 812 2986 think
827 2933 880 2984 that
896 2935 914 2982 it
926 2950 977 2983 was
994 2933 1085 2984 Falsis.

166 2997 307 3066 According
318 3006 343 3044 to
354 2997 395 3044 the
408 2995 555 3056 description
571 2997 629 3044 here
645 2996 726 3056 given,
739 2996 758 3043 it
769 3009 821 3042 was
836 2993 944 3044 situated
955 3009 987 3042 on
998 3009 1013 3042 a
1023 2994 1086 3055 lolty

166 3058 234 3113 root,
247 3056 329 3164 phrph
341 3070 392 3104 was
403 3064 473 3115 steep
484 3071 516 3104 on
526 3054 559 3104 all
570 3055 636 3104 sides
652 3057 695 3104 but
706 3070 762 3112 one,
774 3054 857 3102 where
868 3053 910 3102 the
922 3053 982 3102 rock
992 3053 1087 3103 formed

166 3127 247 3178 agent
259 3131 272 3164 e
284 3131 297 3164 s
307 3129 361 3174 ope.

195 3193 203 3220 ⁶
213 3191 268 3239 The
279 3189 386 3250 genitive
397 3191 549 3238 ducentorum
556 3191 642 3252 pedum
653 3187 673 3236 ie
684 3186 806 3249 governod
816 3187 850 3247 by
859 3181 950 3234 editus.

196 3263 307 3324 ⁵Duplex
317 3277 400 3310 murras
409 3278 420 3318 ,·
432 3261 502 3311 these
514 3273 564 3310 two
573 3261 653 3309 words
663 3259 734 3316 form,
745 3275 772 3308 es
783 3260 801 3307 it
810 3273 884 3315 were,
895 3257 954 3320 only
962 3273 1008 3307 oue
1019 3258 1075 3310 idea

167 3320 267 3368 whence
278 3321 347 3370 there
358 3321 379 3370 is
390 3335 422 3370 ne
432 3320 603 3380 necessarior
613 3319 766 3382 introducing
776 3327 798 3368 st
808 3319 922 3368 between
931 3319 1023 3382 duplici
1037 3295 1087 3370 and
1139 3323 1140 3388 ᾗ

166 3379 289 3428 altissimo.
