2268 3786
458 325 550 368 orem
571 327 610 366 ν..
931 311 983 370 ltt

64 437 229 496 colatoribos
248 435 275 489 in
292 451 388 490 omnes
406 447 495 505 partes
506 434 638 505 dimissis,
654 435 781 507 explorat,
798 451 850 508 quo
870 453 986 494 commo·

60 510 178 564 dissime
191 508 285 562 itinere
298 505 397 559 vellem
409 506 520 561 transire
567 507 622 558 seit.

100 585 144 633 bu.
163 578 203 632 Eo
221 576 274 645 dis,
286 574 405 646 parvulis
420 575 535 644 equestri
554 591 587 627 us
601 574 707 644 proeliis
723 575 758 629 ed
776 580 882 646 aquam¹
900 577 985 648 sactis,

63 649 172 718 utrique
184 663 244 700 sese
257 661 305 699 suc
317 645 375 698 loco
386 645 536 698 continent:
555 645 632 714 Gelli,
645 645 715 714 quod
729 645 873 716 ampliores
887 663 920 700 ec
939 649 985 718 ias,

63 735 137 800 quae
160 716 279 771 nondum
301 722 488 784 convenerant,
507 713 699 784 exspectabant
706 731 713 783 3
736 715 852 786 Caesar,⁸
871 718 896 770 ei
920 665 986 771 ione

63 788 171 842 turturis
188 785 356 839 simulatione
374 785 466 836 hostes
483 785 509 836 in
528 800 606 837 suurn
625 783 714 837 locum
732 784 829 838 elicere
882 797 943 858 sset,
957 798 986 841 ut

63 859 135 914 citra
147 855 246 910 vallem
258 871 304 925 pro
316 855 409 908 castris
424 853 522 924 proelio
533 853 720 924 contenderet3
740 856 763 907 si
775 855 801 907 id
861 874 922 909 cere
935 875 986 911 non

63 937 165 998 posset,
183 936 212 978 ut
231 924 372 994 exploratis
394 923 535 977 itineribus
554 923 655 976 minore
671 939 736 976 curn
752 925 869 1006 periculo
888 926 987 980 vallem

63 994 355 1066 rivumque-transiret.
391 993 480 1046 Prima
493 992 554 1045 luce
572 991 689 1046 bestium
700 1004 835 1063 equitatus
850 995 884 1048 ad
899 1007 986 1050 castra

62 1065 173 1120 accedit
184 1063 369 1136 proeliumque
379 1079 443 1116 cum
454 1063 549 1115 nostris
559 1061 694 1132 equitibus
704 1065 855 1117 committit.
889 1067 986 1124 Cacsar

63 1135 186 1190 consulto
199 1135 302 1205 equites
313 1133 410 1186 cedere
423 1148 507 1202 seque
525 1133 551 1184 in
569 1141 655 1185 cestra
667 1133 785 1202 recipere
794 1133 888 1204 jubet;
906 1137 985 1190 simul

63 1223 99 1259 ex
117 1203 244 1258 omnibus
266 1201 385 1284 partibus
408 1211 495 1254 castra
517 1201 609 1254 altiore
633 1202 702 1254 vello
725 1205 821 1256 muniri
845 1215 986 1276 portusque

63 1275 167 1330 obstrui
180 1281 298 1343 atquem
312 1271 354 1324 bie
368 1270 587 1324 administrandis
604 1271 684 1324 rebus
697 1289 778 1341 quarn
792 1275 911 1327 maxime
925 1292 985 1328 oon·

63 1343 176 1401 cursari
187 1352 215 1396 et
226 1359 290 1396 oum
302 1340 471 1394 simulatione
483 1341 585 1394 timoris
595 1341 638 1410 agi
650 1341 734 1412 jubet.

99 1419 144 1467 ⁶1.
164 1412 268 1472 Quibus
290 1410 416 1464 omnibus
439 1409 518 1463 rebus
546 1409 636 1464 bertas
663 1411 767 1464 inritati
790 1413 882 1482 copias
901 1423 986 1468 trane·

63 1484 166 1537 ducunt
181 1482 324 1550 aciemque
341 1481 430 1550 iniquo
447 1479 504 1532 loco
519 1481 696 1549 constituunt3
713 1481 808 1534 nostris
822 1499 886 1534 vero
904 1484 984 1538 etiarn

62 1555 99 1607 de
112 1551 184 1606 vello
196 1550 319 1604 deductis
340 1551 447 1620 propius
461 1549 592 1602 accedunt
610 1557 637 1602 et
653 1550 707 1602 tela
724 1551 793 1604 intra
811 1553 985 1606 munitionem

63 1640 99 1676 ex
109 1620 237 1676 omnibus
249 1589 368 1699 partihus
378 1618 538 1689 conjiciunt3
553 1619 781 1690 praeconibusque
793 1622 986 1676 circummissis

82 1691 235 1746 ronunciari
250 1690 351 1760 Jubent,
365 1705 414 1742 seu
430 1689 492 1758 quis
509 1688 610 1758 Gallus,
623 1705 672 1741 seu
689 1690 825 1743 Romanus
841 1690 906 1743 rel-it
923 1701 985 1746 ante

63 1709 160 1816 horam
178 1762 285 1814 tertiam
301 1759 337 1812 ed
358 1777 388 1812 se
406 1759 525 1826 transire,
544 1758 603 1810 sine
620 1758 737 1827 periculo
762 1759 858 1828 licere;
881 1771 940 1830 post
958 1761 985 1814 id

64 1842 174 1902 tempus
189 1847 242 1884 non
257 1829 312 1882 iore
329 1838 503 1908 potestatem:
522 1845 555 1880 ao
571 1829 610 1881 sic
625 1837 726 1882 nostros
739 1839 943 1900 contemserunt,
957 1840 985 1884 ut

62 1900 211 1956 obstruatis
225 1897 251 1952 in
264 1915 384 1980 speciem
395 1897 476 1968 portis
492 1897 604 1966 singulis
613 1897 751 1952 ordinibus
761 1901 901 1970 cespitum,
915 1902 984 1970 quod

62 1972 107 2026 ea‘
122 1986 173 2024 non
186 1985 265 2050 posse
278 1977 405 2022 introrum
441 1966 642 2038 recidebantur,
652 1969 699 2020 alii
710 1969 812 2022 vallum
823 1987 905 2022 manu
917 1973 985 2024 sciu-

62 2039 139 2110 dere,
151 2039 199 2092 alit
217 2039 304 2092 fossas
320 2054 381 2090 com
409 2054 455 2090 ere
471 2037 627 2106 inciperent.
663 2039 731 2091 Turn
744 2039 849 2108 Caesar,
862 2041 987 2094 munibus

62 2111 148 2190 portis
159 2110 297 2179 eruptione
310 2107 381 2160 lacta
398 2107 569 2176 equitatuque
584 2109 691 2176 emisso,
704 2108 827 2161 celeriter
838 2109 929 2163 hostes
940 2111 985 2163 dat

63 2198 90 2233 m
112 2179 224 2248 ingram,
243 2178 289 2248 sic,
307 2177 345 2230 uti
364 2178 472 2230 omnino
490 2177 624 2246 pugnandi
642 2194 723 2230 causa
741 2178 873 2233 resisteret
892 2195 986 2248 nern0;

62 2265 250 2318 magnumque
262 2265 298 2302 ex
309 2246 349 2301 eis
360 2263 504 2299 numerum
512 2245 607 2298 occidit
616 2257 696 2316 atque
705 2264 800 2300 omnes
810 2250 893 2302 annis
904 2251 986 2302 exuit.

100 2323 144 2372 52.
164 2317 280 2386 Longius
291 2315 414 2386 prosequi
427 2315 534 2384 rerims,
547 2315 616 2385 quod
636 2319 719 2369 silvae
731 2316 895 2386 paludesque
907 2320 985 2370 inter·

63 2387 209 2457 cedebant,
228 2403 317 2457 nsque
342 2386 425 2438 etiam
450 2385 559 2454 parvulo
584 2385 744 2438 detrimento
770 2386 873 2439 illorum
898 2387 986 2440 locum

64 2457 179 2538 relinqui
192 2456 319 2527 ridebat,⁸
330 2454 454 2508 omnibus
470 2455 525 2507 suis
541 2454 718 2508 incolumibus
728 2455 812 2524 copiis
833 2454 929 2508 eodem
941 2456 987 2509 die

63 2527 99 2582 ed
119 2528 278 2581 Crcerouem
293 2524 424 2606 persenit.
460 2524 598 2578 Institutas
620 2533 705 2577 turres
733 2493 881 2576 testudines
899 2525 986 2578 moni·

64 2599 208 2667 tionesque
230 2593 348 2650 bostrum
371 2593 530 2648 admiratur:
556 2593 684 2665 producta
705 2563 821 2662 legione⁶
843 2595 985 2664 cognoscit,

65 2713 982 2726 ”ffl-——ffl

96 2776 156 2825 ’Λᾶ
165 2791 268 2836 aquetur
286 2774 339 2822 that
352 2774 382 2829 is,
395 2786 453 2822 near
462 2773 504 2822 the
521 2773 584 2822 river
594 2784 620 2822 tc
631 2772 710 2822 which
723 2774 764 2823 the
781 2773 883 2823 soldiers
898 2773 946 2823 hed
962 2783 988 2824 to

65 2851 98 2900 gc
119 2847 146 2884 tc
167 2834 266 2895 provide
287 2833 436 2882 themselves
454 2831 514 2880 with
532 2845 620 2892 waren
643 2834 680 2882 for
700 2835 741 2882 the
764 2833 872 2884 Romans
891 2833 987 2896 usually

66 2894 167 2958 pitcbed
177 2893 244 2942 their
251 2909 320 2954 camp
332 2908 390 2942 near
400 2907 468 2940 some
479 2901 578 2941 stream.

95 2970 106 3000 ⁸
117 2968 226 3024 Cacsar,-
244 2967 332 3027 supply
342 2965 403 3014 srcrn
415 2967 457 3014 ths
468 2965 599 3028 preceding
610 2966 692 3014 clause
703 2970 855 3030 exspectabat.

38 3071 43 3079 ·
96 3043 107 3071 ¹
118 3041 268 3090 Concor-sare
277 3039 394 3102 signifies,
410 3044 449 3087 ‘to
460 3053 505 3086 run
515 3039 588 3086 about
601 3039 658 3088 berc
669 3039 716 3088 and
728 3041 796 3088 there
809 3041 833 3088 in
844 3039 985 3088 contirsion.'

96 3113 174 3171 ‘Bor
192 3113 364 3176 eurrlrrmte·
786 3171 788 3178 s

97 3187 174 3236 ruha
191 3187 305 3293 meaning
320 3185 348 3235 os
360 3185 409 3234 this
424 3185 506 3236 clause
522 3201 602 3234 seems
613 3196 638 3234 to
649 3187 693 3236 be:
711 3185 742 3234 he
758 3202 809 3234 saw
820 3187 881 3242 that,
894 3201 955 3234 eren
966 3184 988 3234 if

69 3249 101 3298 ha
113 3261 178 3296 ware
190 3256 215 3295 to
226 3247 288 3294 aban
305 3260 337 3294 on
348 3245 386 3294 his
397 3245 501 3304 position
518 3259 573 3293 now
586 3247 667 3300 (locum
679 3247 828 3306 relinquere),
842 3245 883 3294 the
899 3261 988 3306 enemy

69 3308 119 3358 bed
130 3305 228 3366 already
239 3303 365 3353 sustained
373 3314 415 3352 not
427 3319 457 3350 an
468 3303 659 3351 inconsiderable
671 3304 729 3352 loss.

99 3379 240 3429 cmm
250 3380 343 3442 legions
349 3393 360 3435 ,·
378 3375 485 3437 aemely‚
497 3376 549 3426 that
558 3376 589 3425 he
599 3375 677 3438 might
687 3377 778 3426 rerimr
788 3376 815 3428 ir.
