2272 3788
146 295 204 358 ltu
447 314 489 356 oa
509 313 608 358 annuo
629 313 765 357 osmod

143 423 196 478 huc
219 437 313 476 omnes
341 437 404 476 suas
431 422 549 476 fortunas
575 422 711 478 exercitus
734 423 916 478 Rornanorum
943 423 1075 493 contufit3

143 492 267 563 praesidii
280 495 394 545 tantum¹
407 505 455 561 est,
469 503 498 545 ut
511 509 545 546 ne
560 505 654 546 murus
665 491 776 562 quidem
788 493 861 560 cingi
879 495 971 563 possit,
986 510 1074 562 neque

143 562 814 684 ru„

144 647 315 756 “Alduptgmm
332 699 503 770 contendunt,
517 647 564 753 1dei
583 669 681 754 eodrr'm
698 699 777 770 duce,
790 699 868 769 oujrus
886 649 956 754 ἐκ
975 650 1075 755 fflppisp

144 776 340 918 wlfglvfliffldd,
373 838 403 918 ui
417 853 579 918 per-omncs
596 837 824 918 superioreaudics
841 840 997 918 praeceptis
1009 841 1074 893 Cae·

145 923 210 960 sans
230 923 338 960 summa
354 855 495 976 diligentia
515 906 616 960 milites
633 925 661 960 in
678 915 773 987 castris
792 908 970 988 continuisset
989 926 1023 962 ac
1041 925 1074 962 ne

136 977 267 1030 ¹calonem
282 975 391 1046 qnidam
406 990 487 1044 quem
508 991 572 1029 uam
584 985 660 1029 extra
677 976 852 1030 munitionem
865 977 959 1046 egredi
978 994 1074 1047 passus

144 1053 225 1113 esset,
250 1045 364 1115 septimo
387 1043 432 1098 die
451 1045 479 1098 di
510 1045 578 1098 dens
601 1044 636 1098 de
660 1059 772 1100 numero
794 1045 901 1103 dierum
928 1047 1074 1100 Caesarem

145 1112 227 1168 fidem
251 1122 426 1180 serratorum,
447 1113 519 1182 quod
539 1113 645 1182 lcnffl'us
663 1131 727 1167 enm
747 1127 918 1183 progressum
931 1115 1072 1184 audiebat,
1109 1145 1113 1156 ν

145 1199 234 1252 neque
248 1181 301 1235 utta
312 1181 347 1234 de
360 1183 446 1236 reditu
458 1181 519 1252 ejus
532 1183 606 1236 fama
618 1182 781 1238 afferebatur
787 1200 797 1253 3
815 1183 895 1236 simul
907 1199 1005 1238 amum
1017 1201 1073 1254 per·

146 1261 234 1304 motus
246 1250 364 1320 vocibus,
375 1252 422 1320 qni
433 1251 504 1304 illius
515 1251 672 1320 patientiam
685 1268 772 1321 paene
784 1251 972 1306 obsessionem
983 1252 1073 1332 appel·

146 1319 244 1390 labant,
258 1321 280 1373 si
293 1320 403 1389 quidam
416 1337 451 1375 ex
465 1321 560 1374 castris
577 1320 667 1389 egredi
686 1337 739 1374 non
750 1321 858 1390 liceret,
876 1322 986 1380 nullum
1005 1339 1073 1392 erus·

145 1390 219 1444 modi
230 1406 323 1443 casum
336 1399 502 1460 exspectans,
513 1406 573 1459 qno,
582 1402 705 1442 noyento
724 1389 817 1460 positis
825 1390 978 1460 legionibus
989 1392 1072 1445 maxi·

147 1473 245 1529 uroque
256 1459 376 1529 equitatu
395 1459 566 1538 dispersisse
578 1407 771 1539 paenedeletis
782 1459 910 1528 hostibus,
922 1462 948 1512 in
961 1461 1073 1514 milibus

146 1543 276 1610 passuum
287 1543 329 1581 111.
344 1542 360 1580 ο
382 1527 455 1581 endi⁸
471 1536 577 1608 pcssetj
598 1543 718 1610 quinque
737 1527 860 1582 cobortes
877 1529 1073 1609 frumentatum

145 1605 1072 1746 uiuunttittuitinttttt‘ttutteutttuut

145 1737 218 1804 aegri
236 1737 337 1804 relicti3
354 1751 387 1788 cx
400 1735 500 1806 quibus
510 1751 556 1804 qm
573 1735 625 1788 hcc
643 1744 729 1816 spatio
746 1734 853 1789 dierum
870 1737 1070 1806 convaluerant,

145 1805 250 1858 circiter
273 1822 331 1860 ccc.
356 1804 407 1859 sub
430 1803 529 1858 vexillo
551 1819 605 1857 una
628 1812 784 1858 mittuntur:
815 1819 914 1874 magna
932 1815 1071 1886 praeterea

145 1874 287 1930 multitudo
304 1873 436 1941 calonum,
455 1888 554 1942 magua
572 1873 614 1926 ris
632 1872 913 1944 jumentorum-quae
932 1891 958 1928 un
977 1875 1071 1928 castris

144 1942 310 2014 subsederat,
323 1945 394 1996 facta
406 1950 546 2012 potestate,
559 1943 688 2012 sequitur.
967 1989 969 1994 .

179 2015 221 2064 ³7.
240 2013 297 2066 Hoc
320 2013 378 2084 ipso
402 2021 522 2081 tempore
542 2021 569 2064 et
593 2012 666 2064 casu·
683 2011 810 2066 Germani
830 2012 937 2081 equites
956 2013 1070 2066 interre-

143 2081 233 2151 uiant,
240 2083 411 2153 protinusque
429 2080 526 2133 ecdem
544 2079 596 2148 illo,
610 2097 663 2150 quo
680 2088 816 2151 venerant,
836 2097 916 2135 cursu
935 2081 971 2134 ab
989 2081 1070 2134 decu·

144 2166 225 2204 mana
248 2160 322 2231 porta
345 2151 371 2204 in
392 2157 478 2204 castra
502 2150 650 2219 irrumpere
673 2158 817 2203 conantur:
836 2165 887 2202 nec
910 2151 985 2219 prius
1005 2160 1069 2206 sunt

143 2219 200 2288 viai,
214 2220 326 2291 obyeotis
337 2219 374 2273 ab
385 2236 418 2272 ea
429 2227 504 2288 parte
517 2217 599 2288 silvis,
632 2235 696 2272 uam
707 2219 802 2272 castris
818 2221 1067 2290 appropinquarent,

143 2301 228 2356 usque
248 2307 287 2358 eo,
297 2298 336 2359 nt,
350 2289 396 2360 qul
411 2287 462 2342 sub
479 2287 549 2339 vallo
565 2236 714 2342 tenderent⁴
731 2295 902 2358 mercatores,
922 2290 1068 2358 recipiendi

142 2357 183 2410 sui
207 2358 364 2413 facultatem
387 2373 439 2411 nou
464 2355 602 2409 baberent.
649 2357 820 2426 Inopinantes
843 2357 925 2410 nostri
948 2374 976 2410 re
1000 2375 1068 2412 nora

141 2427 333 2498 perturbantur,
359 2443 391 2486 ao
414 2426 460 2479 rix
485 2425 603 2496 primum
628 2425 762 2496 impetum
790 2425 885 2479 cohors
904 2426 931 2479 in
954 2428 1067 2481 sunnone

170 2616 177 2643 ¹
191 2613 294 2663 Tantum
305 2613 441 2674 frequently
452 2610 496 2662 has
513 2611 554 2660 the
566 2612 679 2674 meaning
689 2611 717 2660 ol
732 2611 804 2673 ‘only
814 2628 842 2661 so
852 2613 946 2670 mucb‚’
958 2612 1066 2663 intimat·

141 2672 182 2733 ing
193 2673 245 2721 that
256 2673 325 2721 there
337 2673 358 2720 is
370 2671 431 2720 little
443 2671 471 2720 of
482 2687 496 2720 a
507 2670 584 2734 thing.
617 2671 663 2719 See
675 2671 707 2720 ri.
717 2675 755 2727 27,
769 2671 883 2720 andilli.

169 2759 315 2827 'offendere
325 2759 345 2829 is
356 2757 477 2818 properly,
493 2763 532 2806 ‘to
542 2757 755 2826 stumbleagainet
771 2758 914 2826 anythingy
931 2757 1008 2826 hanes
1024 2758 1065 2807 tlte

140 2833 236 2904 passuv'e
247 2835 260 2865 o
277 2820 341 2885 ends,
348 2822 363 2902 ι*
370 2827 396 2865 tu
407 2819 437 2864 ha
448 2826 497 2864 met
509 2819 543 2876 by
552 2816 692 2885 something
703 2817 783 2864 which
794 2831 816 2865 rs
826 2832 858 2898 οη
864 2816 1012 2923 pbstnipilpupn
1022 2833 1065 2914 cup

139 2893 211 3004 lili
224 2875 974 3002 2loll-⁵’nffplssll‘rsslilllsslllssllllllins'ifm2
993 2893 1062 2984 ‘ffi-

139 2994 246 3054 srderrng
256 2994 309 3045 that
321 2993 362 3041 the
373 2991 481 3042 distance
494 3009 544 3041 was
555 2993 613 3054 only
624 2993 693 3042 tbree
704 2992 826 3042 thousand
836 2991 926 3052 paces!

168 3081 177 3109 ⁸
188 3081 232 3127 ‘At
245 3079 293 3128 this
305 3089 422 3135 moment,
435 3079 482 3128 and
493 3079 570 3128 under
580 3079 649 3128 these
660 3078 816 3128 unfortunate
827 3079 1032 3128 circumstances!

167 3165 177 3192 ‘
189 3163 294 3212 Tendere
304 3165 329 3212 in
339 3165 388 3212 this
399 3175 502 3244 passage
513 3164 557 3213 bas
573 3165 614 3212 tlte
626 3179 693 3213 same
704 3164 867 3270 sipnification
878 3180 905 3214 as
917 3167 1060 3214 intratoriis

140 3237 198 3276 erae,
212 3227 252 3268 ‘to
263 3223 294 3269 be
307 3223 332 3269 in
347 3221 389 3269 the
404 3232 479 3270 tants.
522 3223 616 3270 'l'rades
634 3223 729 3282 ecpleo
754 3239 829 3285 every
839 3223 995 3284 description,
1007 3224 1060 3272 wlro

140 3276 253 3324 followed
264 3279 306 3326 the
318 3279 414 3328 Roman
425 3295 505 3338 camp,
514 3279 562 3332 bad
573 3237 665 3338 aulice
677 3282 791 3342 assigned
802 3292 828 3332 to
836 3283 905 3333 them
915 3283 1010 3332 cutside
1020 3283 1059 3332 tlrc

140 3346 220 3390 cemp,
228 3336 273 3384 but
284 3337 350 3385 olnae
362 3347 387 3384 to
395 3336 438 3402 ,the
450 3347 555 3396 rampart
567 3341 617 3391 (snb
628 3341 707 3392 collo).
