<?xml version="1.0" encoding="UTF-8"?>
<!DOCTYPE html PUBLIC "-//W3C//DTD XHTML 1.0 Transitional//EN"
    "http://www.w3.org/TR/xhtml1/DTD/xhtml1-transitional.dtd">
<html xmlns="http://www.w3.org/1999/xhtml" xml:lang="en" lang="en">
 <head>
  <title>
</title>
<meta http-equiv="Content-Type" content="text/html;charset=utf-8" />
  <meta name='ocr-system' content='tesseract 3.04.00' />
  <meta name='ocr-capabilities' content='ocr_page ocr_carea ocr_par ocr_line ocrx_word'/>
</head>
<body>
  <div class='ocr_page' id='page_1' title='image "./cjuliicaesarisc00zumpgoog_0211.png"; bbox 0 0 2272 3788; ppageno 0'>
   <div class='ocr_carea' id='block_1_1' title="bbox 185 321 796 392">
    <p class='ocr_par' dir='ltr' id='par_1_1' title="bbox 185 321 796 392">
     <span class='ocr_line' id='line_1_1' title="bbox 185 321 796 392; baseline -0.008 -7"><span class='ocrx_word' id='word_1_1' title='bbox 185 321 241 385; x_wconf 65' lang='lat' dir='ltr'>lm</span> <span class='ocrx_word' id='word_1_2' title='bbox 480 341 521 382; x_wconf 83' lang='lat' dir='ltr'>oa</span> <span class='ocrx_word' id='word_1_3' title='bbox 542 339 639 382; x_wconf 82' lang='lat' dir='ltr'>oeaao</span> <span class='ocrx_word' id='word_1_4' title='bbox 657 339 796 392; x_wconf 65' lang='lat' dir='ltr'>ermion,</span> 
     </span>
    </p>
   </div>
   <div class='ocr_carea' id='block_1_2' title="bbox 124 447 1098 2680">
    <p class='ocr_par' dir='ltr' id='par_1_2' title="bbox 180 447 1096 800">
     <span class='ocr_line' id='line_1_2' title="bbox 181 447 1094 532; baseline -0.005 -24"><span class='ocrx_word' id='word_1_5' title='bbox 181 447 367 508; x_wconf 77' lang='lat' dir='ltr'>benevolentia</span> <span class='ocrx_word' id='word_1_6' title='bbox 383 447 557 505; x_wconf 86' lang='lat' dir='ltr'>deminuere.¹</span> <span class='ocrx_word' id='word_1_7' title='bbox 591 451 652 532; x_wconf 78' lang='lat' dir='ltr'>lpse</span> <span class='ocrx_word' id='word_1_8' title='bbox 667 449 798 522; x_wconf 72' lang='lat' dir='ltr'><strong>majomm</strong></span> <span class='ocrx_word' id='word_1_9' title='bbox 810 447 916 504; x_wconf 66' lang='lat' dir='ltr'>Gallae</span> <span class='ocrx_word' id='word_1_10' title='bbox 930 453 1094 503; x_wconf 79' lang='lat' dir='ltr'>maturuex·</span> 
     </span>
     <span class='ocr_line' id='line_1_3' title="bbox 182 518 1096 594; baseline -0.002 -20"><span class='ocrx_word' id='word_1_11' title='bbox 182 529 312 594; x_wconf 77' lang='lat' dir='ltr'>spectans,</span> <span class='ocrx_word' id='word_1_12' title='bbox 325 537 360 574; x_wconf 88' lang='lat' dir='ltr'>ne</span> <span class='ocrx_word' id='word_1_13' title='bbox 372 519 406 575; x_wconf 88' lang='lat' dir='ltr'>ab</span> <span class='ocrx_word' id='word_1_14' title='bbox 423 521 546 576; x_wconf 89' lang='lat' dir='ltr'>omnibus</span> <span class='ocrx_word' id='word_1_15' title='bbox 558 519 714 574; x_wconf 77' lang='lat' dir='ltr'>civitatibus</span> <span class='ocrx_word' id='word_1_16' title='bbox 722 520 969 590; x_wconf 67' lang='lat' dir='ltr'>circumstemur,</span> <span class='ocrx_word' id='word_1_17' title='bbox 982 518 1096 572; x_wconf 71' lang='lat' dir='ltr'>oonaiiis</span> 
     </span>
     <span class='ocr_line' id='line_1_4' title="bbox 180 589 1094 662; baseline -0.005 -16"><span class='ocrx_word' id='word_1_18' title='bbox 180 590 271 662; x_wconf 80' lang='lat' dir='ltr'>inibat,</span> <span class='ocrx_word' id='word_1_19' title='bbox 283 590 510 661; x_wconf 79' lang='lat' dir='ltr'><strong>quemadmodum</strong></span> <span class='ocrx_word' id='word_1_20' title='bbox 521 589 556 644; x_wconf 85' lang='lat' dir='ltr'>ab</span> <span class='ocrx_word' id='word_1_21' title='bbox 567 590 698 660; x_wconf 78' lang='lat' dir='ltr'>Gergovia</span> <span class='ocrx_word' id='word_1_22' title='bbox 715 589 863 647; x_wconf 81' lang='lat' dir='ltr'>diseederet</span> <span class='ocrx_word' id='word_1_23' title='bbox 879 605 913 642; x_wconf 86' lang='lat' dir='ltr'>ao</span> <span class='ocrx_word' id='word_1_24' title='bbox 928 605 1021 643; x_wconf 80' lang='lat' dir='ltr'>rursus</span> <span class='ocrx_word' id='word_1_25' title='bbox 1036 603 1094 641; x_wconf 83' lang='lat' dir='ltr'>oro·</span> 
     </span>
     <span class='ocr_line' id='line_1_5' title="bbox 181 659 1094 730; baseline -0.003 -15"><span class='ocrx_word' id='word_1_26' title='bbox 181 677 244 716; x_wconf 89' lang='lat' dir='ltr'>uem</span> <span class='ocrx_word' id='word_1_27' title='bbox 268 661 413 714; x_wconf 83' lang='lat' dir='ltr'>exercitum</span> <span class='ocrx_word' id='word_1_28' title='bbox 437 660 616 729; x_wconf 68' lang='lat' dir='ltr'>contraheret,</span> <span class='ocrx_word' id='word_1_29' title='bbox 640 675 675 713; x_wconf 86' lang='lat' dir='ltr'>ua</span> <span class='ocrx_word' id='word_1_30' title='bbox 696 659 829 730; x_wconf 80' lang='lat' dir='ltr'>protentio,</span> <span class='ocrx_word' id='word_1_31' title='bbox 854 667 916 712; x_wconf 86' lang='lat' dir='ltr'>nata</span> <span class='ocrx_word' id='word_1_32' title='bbox 939 659 1094 712; x_wconf 71' lang='lat' dir='ltr'>abunere</span> 
     </span>
     <span class='ocr_line' id='line_1_6' title="bbox 181 729 697 800; baseline -0.006 -16"><span class='ocrx_word' id='word_1_33' title='bbox 181 729 344 800; x_wconf 78' lang='lat' dir='ltr'>deiectionis,</span> <span class='ocrx_word' id='word_1_34' title='bbox 358 729 451 784; x_wconf 84' lang='lat' dir='ltr'>similis</span> <span class='ocrx_word' id='word_1_35' title='bbox 462 729 542 800; x_wconf 80' lang='lat' dir='ltr'>fugae</span> <span class='ocrx_word' id='word_1_36' title='bbox 554 730 697 783; x_wconf 79' lang='lat' dir='ltr'>videratur.</span> 
     </span>
    </p>

    <p class='ocr_par' dir='ltr' id='par_1_3' title="bbox 180 789 1098 1774">
     <span class='ocr_line' id='line_1_7' title="bbox 216 789 1094 920; baseline -0.007 -64"><span class='ocrx_word' id='word_1_37' title='bbox 216 805 258 856; x_wconf 78' lang='lat' dir='ltr'>tt.</span> <span class='ocrx_word' id='word_1_38' title='bbox 277 801 350 854; x_wconf 85' lang='lat' dir='ltr'>Haeo</span> <span class='ocrx_word' id='word_1_39' title='bbox 362 800 486 870; x_wconf 78' lang='lat' dir='ltr'><strong>cogitanti</strong></span> <span class='ocrx_word' id='word_1_40' title='bbox 497 789 620 854; x_wconf 79' lang='lat' dir='ltr'>assidere</span> <span class='ocrx_word' id='word_1_41' title='bbox 631 797 688 851; x_wconf 81' lang='lat' dir='ltr'>risa</span> <span class='ocrx_word' id='word_1_42' title='bbox 699 807 740 851; x_wconf 89' lang='lat' dir='ltr'>est</span> <span class='ocrx_word' id='word_1_43' title='bbox 752 797 947 851; x_wconf 78' lang='lat' dir='ltr'>facultasbene</span> <span class='ocrx_word' id='word_1_44' title='bbox 959 797 1094 920; x_wconf 50' lang='lat' dir='ltr'>{emme</span> 
     </span>
     <span class='ocr_line' id='line_1_8' title="bbox 182 867 1094 949; baseline -0.005 -23"><span class='ocrx_word' id='word_1_45' title='bbox 182 870 229 928; x_wconf 82' lang='lat' dir='ltr'>rai.</span> <span class='ocrx_word' id='word_1_46' title='bbox 264 871 335 924; x_wconf 87' lang='lat' dir='ltr'>Nam</span> <span class='ocrx_word' id='word_1_47' title='bbox 347 885 431 949; x_wconf 89' lang='lat' dir='ltr'>quum</span> <span class='ocrx_word' id='word_1_48' title='bbox 443 869 544 922; x_wconf 81' lang='lat' dir='ltr'>minora</span> <span class='ocrx_word' id='word_1_49' title='bbox 562 869 588 922; x_wconf 90' lang='lat' dir='ltr'>in</span> <span class='ocrx_word' id='word_1_50' title='bbox 606 868 701 922; x_wconf 71' lang='lat' dir='ltr'>uastat</span> <span class='ocrx_word' id='word_1_51' title='bbox 710 867 800 938; x_wconf 87' lang='lat' dir='ltr'>operis</span> <span class='ocrx_word' id='word_1_52' title='bbox 852 868 964 937; x_wconf 84' lang='lat' dir='ltr'>rspioien</span> <span class='ocrx_word' id='word_1_53' title='bbox 986 869 995 920; x_wconf 91' lang='lat' dir='ltr'>i</span> <span class='ocrx_word' id='word_1_54' title='bbox 1013 881 1094 921; x_wconf 75' lang='lat' dir='ltr'>seusa</span> 
     </span>
     <span class='ocr_line' id='line_1_9' title="bbox 184 936 1095 1016; baseline -0.005 -22"><span class='ocrx_word' id='word_1_55' title='bbox 184 938 306 1008; x_wconf 80' lang='lat' dir='ltr'>venisset,</span> <span class='ocrx_word' id='word_1_56' title='bbox 319 939 505 992; x_wconf 81' lang='lat' dir='ltr'>animadvertit</span> <span class='ocrx_word' id='word_1_57' title='bbox 522 938 626 1012; x_wconf 74' lang='lat' dir='ltr'>coliem,</span> <span class='ocrx_word' id='word_1_58' title='bbox 639 937 685 1016; x_wconf 84' lang='lat' dir='ltr'>qui</span> <span class='ocrx_word' id='word_1_59' title='bbox 700 936 735 990; x_wconf 88' lang='lat' dir='ltr'>ab</span> <span class='ocrx_word' id='word_1_60' title='bbox 748 937 815 990; x_wconf 89' lang='lat' dir='ltr'>hosti</span> <span class='ocrx_word' id='word_1_61' title='bbox 834 954 867 990; x_wconf 87' lang='lat' dir='ltr'>us</span> <span class='ocrx_word' id='word_1_62' title='bbox 884 938 1031 992; x_wconf 85' lang='lat' dir='ltr'>tenebatur</span> <span class='ocrx_word' id='word_1_63' title='bbox 1046 951 1095 989; x_wconf 84' lang='lat' dir='ltr'>nu·</span> 
     </span>
     <span class='ocr_line' id='line_1_10' title="bbox 181 977 1095 1128; baseline -0.003 -65"><span class='ocrx_word' id='word_1_64' title='bbox 181 1009 274 1064; x_wconf 90' lang='lat' dir='ltr'>datum</span> <span class='ocrx_word' id='word_1_65' title='bbox 290 1006 448 1080; x_wconf 87' lang='lat' dir='ltr'>homiuibus,</span> <span class='ocrx_word' id='word_1_66' title='bbox 463 1009 508 1080; x_wconf 93' lang='lat' dir='ltr'>qui</span> <span class='ocrx_word' id='word_1_67' title='bbox 527 1007 705 1080; x_wconf 82' lang='lat' dir='ltr'>superioribus</span> <span class='ocrx_word' id='word_1_68' title='bbox 722 1006 818 1060; x_wconf 87' lang='lat' dir='ltr'>diebus</span> <span class='ocrx_word' id='word_1_69' title='bbox 830 1007 965 1128; x_wconf 49' lang='lat' dir='ltr'>rixrssrae</span> <span class='ocrx_word' id='word_1_70' title='bbox 975 977 1095 1060; x_wconf 76' lang='lat' dir='ltr'>multitu-</span> 
     </span>
     <span class='ocr_line' id='line_1_11' title="bbox 182 1077 1094 1148; baseline -0.002 -16"><span class='ocrx_word' id='word_1_71' title='bbox 182 1077 244 1132; x_wconf 90' lang='lat' dir='ltr'>dine</span> <span class='ocrx_word' id='word_1_72' title='bbox 262 1077 333 1130; x_wconf 86' lang='lat' dir='ltr'>eerni</span> <span class='ocrx_word' id='word_1_73' title='bbox 354 1085 462 1148; x_wconf 88' lang='lat' dir='ltr'>poterat.</span> <span class='ocrx_word' id='word_1_74' title='bbox 497 1077 652 1134; x_wconf 73' lang='lat' dir='ltr'><strong>Admiratus</strong></span> <span class='ocrx_word' id='word_1_75' title='bbox 669 1077 772 1146; x_wconf 83' lang='lat' dir='ltr'>quaerit</span> <span class='ocrx_word' id='word_1_76' title='bbox 787 1093 822 1130; x_wconf 76' lang='lat' dir='ltr'>ex</span> <span class='ocrx_word' id='word_1_77' title='bbox 838 1091 873 1146; x_wconf 83' lang='lat' dir='ltr'>pe</span> <span class='ocrx_word' id='word_1_78' title='bbox 916 1077 959 1146; x_wconf 84' lang='lat' dir='ltr'>gis</span> <span class='ocrx_word' id='word_1_79' title='bbox 975 1091 1094 1146; x_wconf 72' lang='lat' dir='ltr'>saum,</span> 
     </span>
     <span class='ocr_line' id='line_1_12' title="bbox 181 1145 1096 1217; baseline 0 -17"><span class='ocrx_word' id='word_1_80' title='bbox 181 1162 293 1217; x_wconf 89' lang='lat' dir='ltr'>quorum</span> <span class='ocrx_word' id='word_1_81' title='bbox 305 1163 417 1216; x_wconf 84' lang='lat' dir='ltr'>magnus</span> <span class='ocrx_word' id='word_1_82' title='bbox 435 1147 469 1202; x_wconf 80' lang='lat' dir='ltr'>ad</span> <span class='ocrx_word' id='word_1_83' title='bbox 487 1163 550 1201; x_wconf 89' lang='lat' dir='ltr'>eum</span> <span class='ocrx_word' id='word_1_84' title='bbox 561 1145 679 1217; x_wconf 91' lang='lat' dir='ltr'>quotidie</span> <span class='ocrx_word' id='word_1_85' title='bbox 696 1161 822 1199; x_wconf 86' lang='lat' dir='ltr'>uumerus</span> <span class='ocrx_word' id='word_1_86' title='bbox 833 1146 993 1200; x_wconf 75' lang='lat' dir='ltr'>mnflueuaa</span> <span class='ocrx_word' id='word_1_87' title='bbox 1030 1146 1096 1200; x_wconf 78' lang='lat' dir='ltr'>uon-</span> 
     </span>
     <span class='ocr_line' id='line_1_13' title="bbox 181 1207 1097 1288; baseline -0.002 -18"><span class='ocrx_word' id='word_1_88' title='bbox 181 1215 268 1270; x_wconf 85' lang='lat' dir='ltr'>stabat</span> <span class='ocrx_word' id='word_1_89' title='bbox 287 1207 354 1268; x_wconf 83' lang='lat' dir='ltr'>inter</span> <span class='ocrx_word' id='word_1_90' title='bbox 372 1233 472 1288; x_wconf 88' lang='lat' dir='ltr'>ornnes,</span> <span class='ocrx_word' id='word_1_91' title='bbox 494 1217 563 1288; x_wconf 92' lang='lat' dir='ltr'>quod</span> <span class='ocrx_word' id='word_1_92' title='bbox 581 1217 637 1286; x_wconf 85' lang='lat' dir='ltr'>jam</span> <span class='ocrx_word' id='word_1_93' title='bbox 657 1215 716 1285; x_wconf 85' lang='lat' dir='ltr'>ipae</span> <span class='ocrx_word' id='word_1_94' title='bbox 733 1215 830 1268; x_wconf 84' lang='lat' dir='ltr'>Caesar</span> <span class='ocrx_word' id='word_1_95' title='bbox 842 1231 897 1286; x_wconf 77' lang='lat' dir='ltr'>per</span> <span class='ocrx_word' id='word_1_96' title='bbox 916 1215 1097 1286; x_wconf 81' lang='lat' dir='ltr'>exploratores</span> 
     </span>
     <span class='ocr_line' id='line_1_14' title="bbox 181 1283 1097 1406; baseline 0.001 -68"><span class='ocrx_word' id='word_1_97' title='bbox 181 1295 345 1355; x_wconf 81' lang='lat' dir='ltr'>eognoverat,</span> <span class='ocrx_word' id='word_1_98' title='bbox 366 1287 475 1340; x_wconf 86' lang='lat' dir='ltr'>dorsum</span> <span class='ocrx_word' id='word_1_99' title='bbox 493 1302 553 1340; x_wconf 89' lang='lat' dir='ltr'>esse</span> <span class='ocrx_word' id='word_1_100' title='bbox 573 1285 632 1355; x_wconf 83' lang='lat' dir='ltr'>ejus</span> <span class='ocrx_word' id='word_1_101' title='bbox 649 1283 706 1354; x_wconf 86' lang='lat' dir='ltr'>jugi</span> <span class='ocrx_word' id='word_1_102' title='bbox 704 1299 806 1406; x_wconf 51' lang='lat' dir='ltr'>agimpa</span> <span class='ocrx_word' id='word_1_103' title='bbox 822 1301 957 1354; x_wconf 80' lang='lat' dir='ltr'>aequum-3</span> <span class='ocrx_word' id='word_1_104' title='bbox 979 1285 1028 1339; x_wconf 87' lang='lat' dir='ltr'>sed</span> <span class='ocrx_word' id='word_1_105' title='bbox 1046 1285 1097 1339; x_wconf 74' lang='lat' dir='ltr'>lusu</span> 
     </span>
     <span class='ocr_line' id='line_1_15' title="bbox 181 1353 1097 1426; baseline -0.003 -17"><span class='ocrx_word' id='word_1_106' title='bbox 181 1354 301 1410; x_wconf 81' lang='lat' dir='ltr'>silvestre</span> <span class='ocrx_word' id='word_1_107' title='bbox 322 1367 348 1408; x_wconf 88' lang='lat' dir='ltr'>et</span> <span class='ocrx_word' id='word_1_108' title='bbox 367 1364 509 1424; x_wconf 85' lang='lat' dir='ltr'>angustum</span> <span class='ocrx_word' id='word_1_109' title='bbox 537 1371 590 1426; x_wconf 91' lang='lat' dir='ltr'>qua</span> <span class='ocrx_word' id='word_1_110' title='bbox 614 1363 685 1408; x_wconf 86' lang='lat' dir='ltr'>esset</span> <span class='ocrx_word' id='word_1_111' title='bbox 740 1354 795 1407; x_wconf 89' lang='lat' dir='ltr'>itus</span> <span class='ocrx_word' id='word_1_112' title='bbox 810 1353 845 1407; x_wconf 86' lang='lat' dir='ltr'>ad</span> <span class='ocrx_word' id='word_1_113' title='bbox 868 1355 983 1416; x_wconf 79' lang='lat' dir='ltr'>alteram</span> <span class='ocrx_word' id='word_1_114' title='bbox 1006 1371 1042 1426; x_wconf 79' lang='lat' dir='ltr'>op</span> <span class='ocrx_word' id='word_1_115' title='bbox 1061 1354 1097 1408; x_wconf 92' lang='lat' dir='ltr'>&#39;di</span> 
     </span>
     <span class='ocr_line' id='line_1_16' title="bbox 181 1373 1098 1506; baseline -0.002 -28"><span class='ocrx_word' id='word_1_116' title='bbox 181 1431 298 1506; x_wconf 78' lang='lat' dir='ltr'>partem:</span> <span class='ocrx_word' id='word_1_117' title='bbox 320 1423 382 1478; x_wconf 87' lang='lat' dir='ltr'>huie</span> <span class='ocrx_word' id='word_1_118' title='bbox 400 1423 458 1478; x_wconf 88' lang='lat' dir='ltr'>looo</span> <span class='ocrx_word' id='word_1_119' title='bbox 477 1396 653 1504; x_wconf 77' lang='lat' dir='ltr'>veirementer</span> <span class='ocrx_word' id='word_1_120' title='bbox 672 1423 731 1477; x_wconf 87' lang='lat' dir='ltr'>illos</span> <span class='ocrx_word' id='word_1_121' title='bbox 749 1424 850 1493; x_wconf 79' lang='lat' dir='ltr'>timere,</span> <span class='ocrx_word' id='word_1_122' title='bbox 872 1441 923 1477; x_wconf 87' lang='lat' dir='ltr'>nee</span> <span class='ocrx_word' id='word_1_123' title='bbox 940 1423 999 1496; x_wconf 83' lang='lat' dir='ltr'>jam</span> <span class='ocrx_word' id='word_1_124' title='bbox 1019 1373 1098 1477; x_wconf 62' lang='lat' dir='ltr'>aiiier</span> 
     </span>
     <span class='ocr_line' id='line_1_17' title="bbox 181 1493 1097 1564; baseline -0.003 -15"><span class='ocrx_word' id='word_1_125' title='bbox 181 1495 298 1564; x_wconf 78' lang='lat' dir='ltr'>sentire,⁸</span> <span class='ocrx_word' id='word_1_126' title='bbox 313 1510 365 1548; x_wconf 91' lang='lat' dir='ltr'>uuo</span> <span class='ocrx_word' id='word_1_127' title='bbox 382 1494 449 1548; x_wconf 87' lang='lat' dir='ltr'>oolla</span> <span class='ocrx_word' id='word_1_128' title='bbox 468 1493 503 1549; x_wconf 89' lang='lat' dir='ltr'>ab</span> <span class='ocrx_word' id='word_1_129' title='bbox 519 1495 646 1548; x_wconf 80' lang='lat' dir='ltr'>Romanis</span> <span class='ocrx_word' id='word_1_130' title='bbox 663 1501 799 1564; x_wconf 85' lang='lat' dir='ltr'>ooeupato,</span> <span class='ocrx_word' id='word_1_131' title='bbox 818 1493 840 1545; x_wconf 88' lang='lat' dir='ltr'>si</span> <span class='ocrx_word' id='word_1_132' title='bbox 858 1493 974 1548; x_wconf 72' lang='lat' dir='ltr'>alterum</span> <span class='ocrx_word' id='word_1_133' title='bbox 992 1494 1097 1548; x_wconf 85' lang='lat' dir='ltr'>amisis·</span> 
     </span>
     <span class='ocr_line' id='line_1_18' title="bbox 180 1561 1097 1634; baseline -0.002 -16"><span class='ocrx_word' id='word_1_134' title='bbox 180 1573 248 1634; x_wconf 80' lang='lat' dir='ltr'>sent,</span> <span class='ocrx_word' id='word_1_135' title='bbox 266 1564 328 1634; x_wconf 92' lang='lat' dir='ltr'>quin</span> <span class='ocrx_word' id='word_1_136' title='bbox 379 1581 430 1616; x_wconf 90' lang='lat' dir='ltr'>ene</span> <span class='ocrx_word' id='word_1_137' title='bbox 447 1561 642 1618; x_wconf 79' lang='lat' dir='ltr'>circumvallati</span> <span class='ocrx_word' id='word_1_138' title='bbox 659 1571 739 1632; x_wconf 89' lang='lat' dir='ltr'>atque</span> <span class='ocrx_word' id='word_1_139' title='bbox 758 1562 832 1616; x_wconf 92' lang='lat' dir='ltr'>omni</span> <span class='ocrx_word' id='word_1_140' title='bbox 847 1563 920 1616; x_wconf 85' lang='lat' dir='ltr'>exitu</span> <span class='ocrx_word' id='word_1_141' title='bbox 939 1573 967 1617; x_wconf 86' lang='lat' dir='ltr'>et</span> <span class='ocrx_word' id='word_1_142' title='bbox 985 1563 1097 1634; x_wconf 84' lang='lat' dir='ltr'>pabala·</span> 
     </span>
     <span class='ocr_line' id='line_1_19' title="bbox 181 1631 1097 1688; baseline 0 0"><span class='ocrx_word' id='word_1_143' title='bbox 181 1633 253 1688; x_wconf 87' lang='lat' dir='ltr'>tione</span> <span class='ocrx_word' id='word_1_144' title='bbox 265 1634 347 1687; x_wconf 85' lang='lat' dir='ltr'>intere</span> <span class='ocrx_word' id='word_1_145' title='bbox 358 1633 400 1687; x_wconf 85' lang='lat' dir='ltr'>usi</span> <span class='ocrx_word' id='word_1_146' title='bbox 412 1633 578 1688; x_wconf 86' lang='lat' dir='ltr'>viderentur:</span> <span class='ocrx_word' id='word_1_147' title='bbox 597 1631 632 1684; x_wconf 92' lang='lat' dir='ltr'>ad</span> <span class='ocrx_word' id='word_1_148' title='bbox 648 1631 719 1686; x_wconf 88' lang='lat' dir='ltr'>huno</span> <span class='ocrx_word' id='word_1_149' title='bbox 736 1631 911 1686; x_wconf 85' lang='lat' dir='ltr'>muniendum</span> <span class='ocrx_word' id='word_1_150' title='bbox 931 1632 1025 1687; x_wconf 81' lang='lat' dir='ltr'>losum·</span> <span class='ocrx_word' id='word_1_151' title='bbox 1040 1649 1097 1688; x_wconf 89' lang='lat' dir='ltr'>orn·</span> 
     </span>
     <span class='ocr_line' id='line_1_20' title="bbox 181 1703 626 1774; baseline -0.011 -16"><span class='ocrx_word' id='word_1_152' title='bbox 181 1719 230 1758; x_wconf 85' lang='lat' dir='ltr'>nes</span> <span class='ocrx_word' id='word_1_153' title='bbox 240 1720 257 1757; x_wconf 86' lang='lat' dir='ltr'><strong>a</strong></span> <span class='ocrx_word' id='word_1_154' title='bbox 268 1703 482 1774; x_wconf 71' lang='lat' dir='ltr'>Vercingetorige</span> <span class='ocrx_word' id='word_1_155' title='bbox 494 1711 626 1757; x_wconf 76' lang='lat' dir='ltr'>evocatos.</span> 
     </span>
    </p>

    <p class='ocr_par' dir='ltr' id='par_1_4' title="bbox 181 1766 1098 2190">
     <span class='ocr_line' id='line_1_21' title="bbox 216 1766 1098 1843; baseline -0.003 -16"><span class='ocrx_word' id='word_1_156' title='bbox 216 1777 258 1827; x_wconf 78' lang='grc'>45.</span> <span class='ocrx_word' id='word_1_157' title='bbox 276 1773 334 1826; x_wconf 86' lang='lat' dir='ltr'>Hae</span> <span class='ocrx_word' id='word_1_158' title='bbox 352 1787 380 1824; x_wconf 88' lang='lat' dir='ltr'>re</span> <span class='ocrx_word' id='word_1_159' title='bbox 398 1773 511 1843; x_wconf 81' lang='lat' dir='ltr'>oogrrita,</span> <span class='ocrx_word' id='word_1_160' title='bbox 524 1775 622 1828; x_wconf 73' lang='lat' dir='ltr'>Ceasar</span> <span class='ocrx_word' id='word_1_161' title='bbox 639 1771 722 1825; x_wconf 85' lang='lat' dir='ltr'>mitt-it</span> <span class='ocrx_word' id='word_1_162' title='bbox 734 1769 884 1842; x_wconf 83' lang='lat' dir='ltr'>eomplures</span> <span class='ocrx_word' id='word_1_163' title='bbox 896 1766 1025 1840; x_wconf 87' lang='lat' dir='ltr'>‘equiturn</span> <span class='ocrx_word' id='word_1_164' title='bbox 1043 1780 1098 1824; x_wconf 88' lang='lat' dir='ltr'>tur·</span> 
     </span>
     <span class='ocr_line' id='line_1_22' title="bbox 181 1840 1098 1922; baseline -0.004 -24"><span class='ocrx_word' id='word_1_165' title='bbox 181 1857 242 1898; x_wconf 80' lang='lat' dir='ltr'>uras</span> <span class='ocrx_word' id='word_1_166' title='bbox 258 1858 290 1894; x_wconf 86' lang='lat' dir='ltr'>eo</span> <span class='ocrx_word' id='word_1_167' title='bbox 309 1842 343 1895; x_wconf 90' lang='lat' dir='ltr'>de</span> <span class='ocrx_word' id='word_1_168' title='bbox 360 1841 449 1895; x_wconf 86' lang='lat' dir='ltr'>media</span> <span class='ocrx_word' id='word_1_169' title='bbox 467 1851 559 1896; x_wconf 87' lang='lat' dir='ltr'>nocte:</span> <span class='ocrx_word' id='word_1_170' title='bbox 579 1841 613 1895; x_wconf 87' lang='lat' dir='ltr'>iis</span> <span class='ocrx_word' id='word_1_171' title='bbox 625 1840 744 1922; x_wconf 83' lang='lat' dir='ltr'>imperat,</span> <span class='ocrx_word' id='word_1_172' title='bbox 757 1853 786 1894; x_wconf 85' lang='lat' dir='ltr'>ut</span> <span class='ocrx_word' id='word_1_173' title='bbox 801 1840 891 1911; x_wconf 82' lang='lat' dir='ltr'>paullo</span> <span class='ocrx_word' id='word_1_174' title='bbox 903 1841 1098 1894; x_wconf 77' lang='lat' dir='ltr'><strong>tumultuosius</strong></span> 
     </span>
     <span class='ocr_line' id='line_1_23' title="bbox 181 1895 1098 1982; baseline 0 -18"><span class='ocrx_word' id='word_1_175' title='bbox 181 1895 305 1965; x_wconf 73' lang='lat' dir='ltr'>omnibuis</span> <span class='ocrx_word' id='word_1_176' title='bbox 324 1911 347 1964; x_wconf 91' lang='lat' dir='ltr'>in</span> <span class='ocrx_word' id='word_1_177' title='bbox 369 1911 434 1964; x_wconf 82' lang='lat' dir='ltr'>lonis</span> <span class='ocrx_word' id='word_1_178' title='bbox 453 1918 664 1982; x_wconf 74' lang='lat' dir='ltr'>pervagarentur.</span> <span class='ocrx_word' id='word_1_179' title='bbox 702 1911 790 1964; x_wconf 85' lang='lat' dir='ltr'>Prrma</span> <span class='ocrx_word' id='word_1_180' title='bbox 813 1909 873 1963; x_wconf 81' lang='lat' dir='ltr'>luce</span> <span class='ocrx_word' id='word_1_181' title='bbox 896 1927 1028 1980; x_wconf 74' lang='lat' dir='ltr'>magnum</span> <span class='ocrx_word' id='word_1_182' title='bbox 1047 1927 1098 1964; x_wconf 90' lang='lat' dir='ltr'>nu-</span> 
     </span>
     <span class='ocr_line' id='line_1_24' title="bbox 181 1979 1098 2052; baseline -0.001 -17"><span class='ocrx_word' id='word_1_183' title='bbox 181 1994 286 2035; x_wconf 83' lang='lat' dir='ltr'>merum</span> <span class='ocrx_word' id='word_1_184' title='bbox 309 1980 570 2050; x_wconf 74' lang='lat' dir='ltr'>impedimentorum⁴</span> <span class='ocrx_word' id='word_1_185' title='bbox 591 1997 625 2034; x_wconf 86' lang='lat' dir='ltr'>ex</span> <span class='ocrx_word' id='word_1_186' title='bbox 647 1980 742 2034; x_wconf 86' lang='lat' dir='ltr'>eastris</span> <span class='ocrx_word' id='word_1_187' title='bbox 763 1979 951 2050; x_wconf 86' lang='lat' dir='ltr'>mulorumque</span> <span class='ocrx_word' id='word_1_188' title='bbox 974 1981 1098 2052; x_wconf 80' lang='lat' dir='ltr'>produei,</span> 
     </span>
     <span class='ocr_line' id='line_1_25' title="bbox 182 2048 1097 2121; baseline 0.003 -20"><span class='ocrx_word' id='word_1_189' title='bbox 182 2064 252 2118; x_wconf 83' lang='lat' dir='ltr'>eque</span> <span class='ocrx_word' id='word_1_190' title='bbox 264 2048 297 2103; x_wconf 86' lang='lat' dir='ltr'>iis</span> <span class='ocrx_word' id='word_1_191' title='bbox 306 2056 448 2104; x_wconf 88' lang='lat' dir='ltr'>stramenta</span> <span class='ocrx_word' id='word_1_192' title='bbox 460 2051 570 2121; x_wconf 78' lang='lat' dir='ltr'>detrahi,</span> <span class='ocrx_word' id='word_1_193' title='bbox 581 2050 767 2120; x_wconf 74' lang='lat' dir='ltr'>mulionesque</span> <span class='ocrx_word' id='word_1_194' title='bbox 776 2065 838 2104; x_wconf 85' lang='lat' dir='ltr'>eum</span> <span class='ocrx_word' id='word_1_195' title='bbox 851 2049 1008 2120; x_wconf 85' lang='lat' dir='ltr'>cassidilius,</span> <span class='ocrx_word' id='word_1_196' title='bbox 1019 2051 1097 2120; x_wconf 71' lang='lat' dir='ltr'>equi·</span> 
     </span>
     <span class='ocr_line' id='line_1_26' title="bbox 182 2118 1098 2190; baseline -0.001 -16"><span class='ocrx_word' id='word_1_197' title='bbox 182 2125 240 2174; x_wconf 82' lang='lat' dir='ltr'>tum</span> <span class='ocrx_word' id='word_1_198' title='bbox 259 2118 349 2190; x_wconf 84' lang='lat' dir='ltr'>speeie</span> <span class='ocrx_word' id='word_1_199' title='bbox 367 2135 398 2172; x_wconf 88' lang='lat' dir='ltr'>ao</span> <span class='ocrx_word' id='word_1_200' title='bbox 419 2119 595 2189; x_wconf 77' lang='lat' dir='ltr'>simulatione,</span> <span class='ocrx_word' id='word_1_201' title='bbox 613 2119 725 2174; x_wconf 80' lang='lat' dir='ltr'>ouilibus</span> <span class='ocrx_word' id='word_1_202' title='bbox 742 2118 905 2172; x_wconf 73' lang='lat' dir='ltr'>circumvehi</span> <span class='ocrx_word' id='word_1_203' title='bbox 922 2118 1007 2189; x_wconf 83' lang='lat' dir='ltr'>jubet.</span> <span class='ocrx_word' id='word_1_204' title='bbox 1045 2121 1098 2174; x_wconf 81' lang='lat' dir='ltr'>His</span> 
     </span>
    </p>

    <p class='ocr_par' dir='ltr' id='par_1_5' title="bbox 165 2187 1097 2494">
     <span class='ocr_line' id='line_1_27' title="bbox 165 2187 1097 2259; baseline -0.003 -15"><span class='ocrx_word' id='word_1_205' title='bbox 165 2203 281 2259; x_wconf 64' lang='grc' dir='ltr'><strong>,μῦθοι</strong></span> <span class='ocrx_word' id='word_1_206' title='bbox 303 2187 376 2241; x_wconf 80' lang='lat' dir='ltr'><strong>addit</strong></span> <span class='ocrx_word' id='word_1_207' title='bbox 399 2190 511 2258; x_wconf 85' lang='lat' dir='ltr'>equites,</span> <span class='ocrx_word' id='word_1_208' title='bbox 535 2189 582 2259; x_wconf 90' lang='lat' dir='ltr'>qui</span> <span class='ocrx_word' id='word_1_209' title='bbox 605 2188 685 2241; x_wconf 89' lang='lat' dir='ltr'>latius</span> <span class='ocrx_word' id='word_1_210' title='bbox 707 2188 890 2241; x_wconf 74' lang='lat' dir='ltr'>ostentationis</span> <span class='ocrx_word' id='word_1_211' title='bbox 909 2205 993 2241; x_wconf 81' lang='lat' dir='ltr'>eausa</span> <span class='ocrx_word' id='word_1_212' title='bbox 1013 2205 1097 2258; x_wconf 76' lang='lat' dir='ltr'>ougu-</span> 
     </span>
     <span class='ocr_line' id='line_1_28' title="bbox 181 2257 1096 2328; baseline 0 -18"><span class='ocrx_word' id='word_1_213' title='bbox 181 2265 278 2311; x_wconf 82' lang='lat' dir='ltr'>reutur.</span> <span class='ocrx_word' id='word_1_214' title='bbox 314 2257 403 2327; x_wconf 85' lang='lat' dir='ltr'>Longo</span> <span class='ocrx_word' id='word_1_215' title='bbox 415 2258 526 2311; x_wconf 90' lang='lat' dir='ltr'>oirouitu</span> <span class='ocrx_word' id='word_1_216' title='bbox 542 2257 652 2312; x_wconf 85' lang='lat' dir='ltr'>easdem</span> <span class='ocrx_word' id='word_1_217' title='bbox 669 2273 763 2311; x_wconf 84' lang='lat' dir='ltr'>omnes</span> <span class='ocrx_word' id='word_1_218' title='bbox 773 2257 848 2327; x_wconf 86' lang='lat' dir='ltr'>jubet</span> <span class='ocrx_word' id='word_1_219' title='bbox 860 2269 952 2328; x_wconf 53' lang='lat' dir='ltr'>plere</span> <span class='ocrx_word' id='word_1_220' title='bbox 963 2259 1096 2325; x_wconf 83' lang='lat' dir='ltr'>regiones.</span> 
     </span>
     <span class='ocr_line' id='line_1_29' title="bbox 180 2325 1096 2406; baseline 0 -24"><span class='ocrx_word' id='word_1_221' title='bbox 180 2325 256 2382; x_wconf 75' lang='lat' dir='ltr'>Haeo</span> <span class='ocrx_word' id='word_1_222' title='bbox 276 2327 365 2398; x_wconf 83' lang='lat' dir='ltr'>procul</span> <span class='ocrx_word' id='word_1_223' title='bbox 386 2344 420 2382; x_wconf 78' lang='lat' dir='ltr'>aa</span> <span class='ocrx_word' id='word_1_224' title='bbox 438 2327 537 2398; x_wconf 62' lang='lat' dir='ltr'>oppido,</span> <span class='ocrx_word' id='word_1_225' title='bbox 550 2325 715 2406; x_wconf 85' lang='lat' dir='ltr'>videbantur,</span> <span class='ocrx_word' id='word_1_226' title='bbox 735 2329 774 2380; x_wconf 79' lang='lat' dir='ltr'>ut‘</span> <span class='ocrx_word' id='word_1_227' title='bbox 789 2334 845 2380; x_wconf 85' lang='lat' dir='ltr'>erut</span> <span class='ocrx_word' id='word_1_228' title='bbox 862 2343 880 2379; x_wconf 92' lang='lat' dir='ltr'>a</span> <span class='ocrx_word' id='word_1_229' title='bbox 896 2327 1034 2397; x_wconf 71' lang='lat' dir='ltr'>Gergovia</span> <span class='ocrx_word' id='word_1_230' title='bbox 1048 2329 1096 2382; x_wconf 87' lang='lat' dir='ltr'>de-</span> 
     </span>
     <span class='ocr_line' id='line_1_30' title="bbox 182 2396 1096 2494; baseline 0 -44"><span class='ocrx_word' id='word_1_231' title='bbox 182 2405 289 2468; x_wconf 73' lang='lat' dir='ltr'>spectus</span> <span class='ocrx_word' id='word_1_232' title='bbox 301 2397 327 2449; x_wconf 93' lang='lat' dir='ltr'>in</span> <span class='ocrx_word' id='word_1_233' title='bbox 340 2405 440 2465; x_wconf 78' lang='lat' dir='ltr'>eastra3</span> <span class='ocrx_word' id='word_1_234' title='bbox 455 2407 547 2465; x_wconf 84' lang='lat' dir='ltr'>&#39;neque</span> <span class='ocrx_word' id='word_1_235' title='bbox 559 2403 632 2452; x_wconf 84' lang='lat' dir='ltr'>tanto</span> <span class='ocrx_word' id='word_1_236' title='bbox 643 2405 736 2466; x_wconf 81' lang='lat' dir='ltr'>spatio,</span> <span class='ocrx_word' id='word_1_237' title='bbox 749 2396 894 2494; x_wconf 58' lang='lat' dir='ltr'>oertiuuid</span> <span class='ocrx_word' id='word_1_238' title='bbox 909 2405 988 2462; x_wconf 85' lang='lat' dir='ltr'>esset,</span> <span class='ocrx_word' id='word_1_239' title='bbox 1003 2398 1096 2467; x_wconf 80' lang='lat' dir='ltr'>explo-</span> 
     </span>
    </p>

    <p class='ocr_par' dir='ltr' id='par_1_6' title="bbox 124 2464 1095 2538">
     <span class='ocr_line' id='line_1_31' title="bbox 124 2464 1095 2538; baseline -0.004 -14"><span class='ocrx_word' id='word_1_240' title='bbox 124 2469 127 2476; x_wconf 88' lang='lat'>&#39;</span> <span class='ocrx_word' id='word_1_241' title='bbox 181 2466 235 2524; x_wconf 80' lang='lat' dir='ltr'>ruri</span> <span class='ocrx_word' id='word_1_242' title='bbox 247 2474 356 2538; x_wconf 85' lang='lat' dir='ltr'>poterat.</span> <span class='ocrx_word' id='word_1_243' title='bbox 392 2467 540 2535; x_wconf 70' lang='lat' dir='ltr'>Legionem</span> <span class='ocrx_word' id='word_1_244' title='bbox 555 2481 637 2523; x_wconf 87' lang='lat' dir='ltr'>uuam</span> <span class='ocrx_word' id='word_1_245' title='bbox 655 2466 752 2520; x_wconf 84' lang='lat' dir='ltr'>eodem</span> <span class='ocrx_word' id='word_1_246' title='bbox 767 2464 831 2535; x_wconf 78' lang='lat' dir='ltr'>jugo</span> <span class='ocrx_word' id='word_1_247' title='bbox 856 2465 940 2522; x_wconf 85' lang='lat' dir='ltr'>mittit</span> <span class='ocrx_word' id='word_1_248' title='bbox 957 2475 986 2520; x_wconf 87' lang='lat' dir='ltr'>et·</span> <span class='ocrx_word' id='word_1_249' title='bbox 1003 2467 1095 2538; x_wconf 76' lang='lat' dir='ltr'>paullo</span> 
     </span>
    </p>

    <p class='ocr_par' dir='ltr' id='par_1_7' title="bbox 210 2617 852 2680">
     <span class='ocr_line' id='line_1_32' title="bbox 210 2617 852 2680; baseline -0.003 -11"><span class='ocrx_word' id='word_1_250' title='bbox 210 2619 379 2676; x_wconf 74' lang='lat' dir='ltr'>¹Deminuere5</span> <span class='ocrx_word' id='word_1_251' title='bbox 396 2619 483 2679; x_wconf 83' lang='lat' dir='ltr'>supply</span> <span class='ocrx_word' id='word_1_252' title='bbox 493 2619 626 2680; x_wconf 70' lang='lat' dir='ltr'>quidquam</span> <span class='ocrx_word' id='word_1_253' title='bbox 659 2617 852 2679; x_wconf 71' lang='lat' dir='ltr'>demonstat.</span> 
     </span>
    </p>
   </div>
   <div class='ocr_carea' id='block_1_3' title="bbox 181 2701 1096 2826">
    <p class='ocr_par' dir='ltr' id='par_1_8' title="bbox 181 2701 1096 2826">
     <span class='ocr_line' id='line_1_33' title="bbox 209 2701 1096 2769; baseline 0.002 -14"><span class='ocrx_word' id='word_1_254' title='bbox 209 2704 383 2754; x_wconf 61' lang='lat' dir='ltr'>”The-minora</span> <span class='ocrx_word' id='word_1_255' title='bbox 393 2713 471 2753; x_wconf 79' lang='lat' dir='ltr'>castra</span> <span class='ocrx_word' id='word_1_256' title='bbox 481 2703 502 2753; x_wconf 85' lang='lat' dir='ltr'>is</span> <span class='ocrx_word' id='word_1_257' title='bbox 512 2703 565 2753; x_wconf 84' lang='lat' dir='ltr'>tirat</span> <span class='ocrx_word' id='word_1_258' title='bbox 574 2703 792 2754; x_wconf 81' lang='lat' dir='ltr'>mentionedutthe</span> <span class='ocrx_word' id='word_1_259' title='bbox 800 2704 847 2753; x_wconf 88' lang='lat' dir='ltr'>end</span> <span class='ocrx_word' id='word_1_260' title='bbox 855 2701 884 2754; x_wconf 84' lang='lat' dir='ltr'>ot&#39;</span> <span class='ocrx_word' id='word_1_261' title='bbox 889 2704 958 2769; x_wconf 84' lang='lat' dir='ltr'>ohap.</span> <span class='ocrx_word' id='word_1_262' title='bbox 965 2708 1004 2764; x_wconf 82' lang='lat' dir='ltr'>ut,</span> <span class='ocrx_word' id='word_1_263' title='bbox 1013 2707 1096 2766; x_wconf 67' lang='lat' dir='ltr'>vrhioh</span> 
     </span>
     <span class='ocr_line' id='line_1_34' title="bbox 181 2763 514 2826; baseline -0.012 -11"><span class='ocrx_word' id='word_1_264' title='bbox 181 2765 304 2815; x_wconf 79' lang='lat' dir='ltr'>consisted</span> <span class='ocrx_word' id='word_1_265' title='bbox 314 2764 342 2812; x_wconf 84' lang='lat' dir='ltr'>of</span> <span class='ocrx_word' id='word_1_266' title='bbox 354 2775 403 2812; x_wconf 84' lang='lat' dir='ltr'>two</span> <span class='ocrx_word' id='word_1_267' title='bbox 414 2763 514 2826; x_wconf 76' lang='lat' dir='ltr'>legions.</span> 
     </span>
    </p>
   </div>
   <div class='ocr_carea' id='block_1_4' title="bbox 181 2829 1093 2962">
    <p class='ocr_par' dir='ltr' id='par_1_9' title="bbox 181 2829 1093 2962">
     <span class='ocr_line' id='line_1_35' title="bbox 209 2829 1093 2918; baseline -0.001 -18"><span class='ocrx_word' id='word_1_268' title='bbox 209 2851 294 2900; x_wconf 73' lang='lat' dir='ltr'>⁸&#39;l&#39;hat</span> <span class='ocrx_word' id='word_1_269' title='bbox 310 2851 339 2908; x_wconf 89' lang='lat' dir='ltr'>ia,</span> <span class='ocrx_word' id='word_1_270' title='bbox 355 2851 415 2899; x_wconf 88' lang='lat' dir='ltr'>‘and</span> <span class='ocrx_word' id='word_1_271' title='bbox 430 2849 472 2900; x_wconf 90' lang='lat' dir='ltr'>the</span> <span class='ocrx_word' id='word_1_272' title='bbox 500 2850 546 2899; x_wconf 92' lang='lat' dir='ltr'>had</span> <span class='ocrx_word' id='word_1_273' title='bbox 561 2865 593 2898; x_wconf 91' lang='lat' dir='ltr'>no</span> <span class='ocrx_word' id='word_1_274' title='bbox 607 2829 682 2899; x_wconf 83' lang='lat' dir='ltr'>doubt</span> <span class='ocrx_word' id='word_1_275' title='bbox 691 2851 707 2909; x_wconf 89' lang='lat'>;&#39;</span> <span class='ocrx_word' id='word_1_276' title='bbox 725 2849 824 2898; x_wconf 83' lang='lat' dir='ltr'>whence</span> <span class='ocrx_word' id='word_1_277' title='bbox 837 2850 879 2899; x_wconf 90' lang='lat' dir='ltr'>the</span> <span class='ocrx_word' id='word_1_278' title='bbox 889 2849 1015 2918; x_wconf 67' lang='lat' dir='ltr'>following</span> <span class='ocrx_word' id='word_1_279' title='bbox 1025 2855 1093 2915; x_wconf 68' lang='lat' dir='ltr'>quin,</span> 
     </span>
     <span class='ocr_line' id='line_1_36' title="bbox 181 2909 864 2962; baseline -0.003 -2"><span class='ocrx_word' id='word_1_280' title='bbox 181 2909 357 2962; x_wconf 62' lang='lat' dir='ltr'>whiohoannot</span> <span class='ocrx_word' id='word_1_281' title='bbox 368 2909 454 2958; x_wconf 65' lang='lat' dir='ltr'>follow</span> <span class='ocrx_word' id='word_1_282' title='bbox 493 2925 522 2958; x_wconf 84' lang='lat' dir='ltr'>er</span> <span class='ocrx_word' id='word_1_283' title='bbox 529 2911 618 2958; x_wconf 82' lang='lat' dir='ltr'>sentire</span> <span class='ocrx_word' id='word_1_284' title='bbox 628 2909 653 2958; x_wconf 85' lang='lat' dir='ltr'>iu</span> <span class='ocrx_word' id='word_1_285' title='bbox 662 2909 693 2958; x_wconf 88' lang='lat' dir='ltr'>its</span> <span class='ocrx_word' id='word_1_286' title='bbox 704 2909 774 2958; x_wconf 85' lang='lat' dir='ltr'>rrsual</span> <span class='ocrx_word' id='word_1_287' title='bbox 784 2925 864 2958; x_wconf 86' lang='lat' dir='ltr'>sense.</span> 
     </span>
    </p>
   </div>
   <div class='ocr_carea' id='block_1_5' title="bbox 180 2995 1095 3236">
    <p class='ocr_par' dir='ltr' id='par_1_10' title="bbox 180 2995 1095 3236">
     <span class='ocr_line' id='line_1_37' title="bbox 208 2995 1095 3062; baseline 0.002 -14"><span class='ocrx_word' id='word_1_288' title='bbox 208 3001 219 3032; x_wconf 76' lang='lat'><strong>⁴</strong></span> <span class='ocrx_word' id='word_1_289' title='bbox 229 2997 393 3062; x_wconf 64' lang='lat' dir='ltr'>bandinento</span> <span class='ocrx_word' id='word_1_290' title='bbox 403 2996 460 3048; x_wconf 85' lang='lat' dir='ltr'>here</span> <span class='ocrx_word' id='word_1_291' title='bbox 470 2997 538 3048; x_wconf 83' lang='lat' dir='ltr'>se&#39;em</span> <span class='ocrx_word' id='word_1_292' title='bbox 548 3005 574 3046; x_wconf 92' lang='lat' dir='ltr'>to</span> <span class='ocrx_word' id='word_1_293' title='bbox 583 2997 619 3046; x_wconf 82' lang='lat' dir='ltr'>be.</span> <span class='ocrx_word' id='word_1_294' title='bbox 626 2997 667 3045; x_wconf 89' lang='lat' dir='ltr'>the</span> <span class='ocrx_word' id='word_1_295' title='bbox 683 2995 793 3053; x_wconf 85' lang='lat' dir='ltr'>animala,</span> <span class='ocrx_word' id='word_1_296' title='bbox 805 2995 893 3056; x_wconf 81' lang='lat' dir='ltr'>mulas,</span> <span class='ocrx_word' id='word_1_297' title='bbox 906 2997 993 3048; x_wconf 77' lang='lat' dir='ltr'>whioiu</span> <span class='ocrx_word' id='word_1_298' title='bbox 1002 3000 1095 3050; x_wconf 57' lang='lat' dir='ltr'><strong>cambd</strong></span> 
     </span>
     <span class='ocr_line' id='line_1_38' title="bbox 180 3055 1094 3124; baseline -0.002 -16"><span class='ocrx_word' id='word_1_299' title='bbox 180 3057 225 3110; x_wconf 80' lang='lat' dir='ltr'>tha</span> <span class='ocrx_word' id='word_1_300' title='bbox 240 3060 401 3122; x_wconf 79' lang='lat' dir='ltr'>iupedimenta</span> <span class='ocrx_word' id='word_1_301' title='bbox 417 3059 551 3118; x_wconf 58' lang='lat' dir='ltr'>(omungit.</span> <span class='ocrx_word' id='word_1_302' title='bbox 563 3071 598 3124; x_wconf 82' lang='lat' dir='ltr'>¹so</span> <span class='ocrx_word' id='word_1_303' title='bbox 614 3055 665 3124; x_wconf 78' lang='lat' dir='ltr'>that</span> <span class='ocrx_word' id='word_1_304' title='bbox 682 3055 723 3106; x_wconf 89' lang='lat' dir='ltr'>the</span> <span class='ocrx_word' id='word_1_305' title='bbox 734 3071 784 3124; x_wconf 37' lang='lat' dir='ltr'>&#39;que</span> <span class='ocrx_word' id='word_1_306' title='bbox 799 3055 851 3106; x_wconf 84' lang='lat' dir='ltr'>has&#39;</span> <span class='ocrx_word' id='word_1_307' title='bbox 864 3056 921 3118; x_wconf 74' lang='lat' dir='ltr'>only</span> <span class='ocrx_word' id='word_1_308' title='bbox 937 3058 1094 3122; x_wconf 63' lang='lat' dir='ltr'>auianum</span> 
     </span>
     <span class='ocr_line' id='line_1_39' title="bbox 180 3113 1092 3236; baseline -0.004 -8"><span class='ocrx_word' id='word_1_309' title='bbox 180 3131 273 3233; x_wconf 73' lang='lat' dir='ltr'>titt.</span> <span class='ocrx_word' id='word_1_310' title='bbox 287 3113 1092 3236; x_wconf 51' lang='lat' dir='ltr'>riltiiiiflltiaitli&#39;olti&#39;lli‘iss?&#39;lui‘mm*</span> 
     </span>
    </p>
   </div>
   <div class='ocr_carea' id='block_1_6' title="bbox 210 3260 739 3322">
    <p class='ocr_par' dir='ltr' id='par_1_11' title="bbox 210 3260 739 3322">
     <span class='ocr_line' id='line_1_40' title="bbox 210 3260 739 3322; baseline -0.002 -13"><span class='ocrx_word' id='word_1_311' title='bbox 210 3261 428 3318; x_wconf 72' lang='lat' dir='ltr'>&#39;Ut,‘asiarae.&#39;</span> <span class='ocrx_word' id='word_1_312' title='bbox 462 3260 656 3322; x_wconf 65' lang='lat' dir='ltr'>Gompureivtii</span> <span class='ocrx_word' id='word_1_313' title='bbox 732 3311 739 3317; x_wconf 58' lang='grc'>,</span> 
     </span>
    </p>
   </div>
   <div class='ocr_carea' id='block_1_7' title="bbox 181 3344 1092 3463">
    <p class='ocr_par' dir='ltr' id='par_1_12' title="bbox 181 3344 1092 3463">
     <span class='ocr_line' id='line_1_41' title="bbox 210 3344 1092 3417; baseline 0.009 -24"><span class='ocrx_word' id='word_1_314' title='bbox 210 3346 284 3414; x_wconf 66' lang='lat' dir='ltr'>*uus</span> <span class='ocrx_word' id='word_1_315' title='bbox 299 3348 455 3416; x_wconf 63' lang='lat' dir='ltr'>dativejaga</span> <span class='ocrx_word' id='word_1_316' title='bbox 469 3349 491 3396; x_wconf 89' lang='lat' dir='ltr'>is</span> <span class='ocrx_word' id='word_1_317' title='bbox 506 3349 548 3396; x_wconf 81' lang='lat' dir='ltr'>tlte</span> <span class='ocrx_word' id='word_1_318' title='bbox 564 3363 672 3416; x_wconf 24' lang='lat' dir='ltr'>amenas</span> <span class='ocrx_word' id='word_1_319' title='bbox 685 3344 759 3400; x_wconf 82' lang='lat' dir='ltr'>od&#39;or</span> <span class='ocrx_word' id='word_1_320' title='bbox 769 3365 852 3399; x_wconf 67' lang='lat' dir='ltr'>amm</span> <span class='ocrx_word' id='word_1_321' title='bbox 862 3349 960 3414; x_wconf 66' lang='lat' dir='ltr'>jugan,</span> <span class='ocrx_word' id='word_1_322' title='bbox 973 3349 1092 3417; x_wconf 68' lang='lat' dir='ltr'>andjago</span> 
     </span>
     <span class='ocr_line' id='line_1_42' title="bbox 181 3403 948 3463; baseline 0.013 -15"><span class='ocrx_word' id='word_1_323' title='bbox 181 3403 572 3463; x_wconf 69' lang='lat' dir='ltr'>standaruapposrtrontosodm,</span> <span class='ocrx_word' id='word_1_324' title='bbox 588 3407 708 3456; x_wconf 72' lang='lat' dir='ltr'>‘thuben’</span> <span class='ocrx_word' id='word_1_325' title='bbox 944 3439 948 3444; x_wconf 94' lang='lat'>-</span> 
     </span>
    </p>
   </div>
   <div class='ocr_carea' id='block_1_8' title="bbox 1107 3609 1109 3753">
    <p class='ocr_par' dir='ltr' id='par_1_13' title="bbox 1107 3609 1109 3753">
     <span class='ocr_line' id='line_1_43' title="bbox 1107 3609 1109 3671; baseline 0 0"><span class='ocrx_word' id='word_1_326' title='bbox 1107 3609 1109 3671; x_wconf 85' lang='lat' dir='ltr'>l</span> 
     </span>
     <span class='ocr_line' id='line_1_44' title="bbox 1107 3677 1108 3753; baseline 0 0"><span class='ocrx_word' id='word_1_327' title='bbox 1107 3677 1108 3753; x_wconf 85' lang='lat' dir='ltr'>l</span> 
     </span>
    </p>
   </div>
   <div class='ocr_carea' id='block_1_9' title="bbox 0 0 1140 3788">
    <p class='ocr_par' dir='ltr' id='par_1_14' title="bbox 0 0 1140 3788">
     <span class='ocr_line' id='line_1_45' title="bbox 0 0 1140 3788; baseline 0 0"><span class='ocrx_word' id='word_1_328' title='bbox 0 0 1140 3788; x_wconf 95' lang='lat' dir='ltr'> </span> 
     </span>
    </p>
   </div>
  </div>
 </body>
</html>
