2272 3786
136 301 194 364 1⁵⁰
439 317 481 360 ua
502 315 603 358 nunno
618 313 756 359 einiico.

135 428 287 498 suspicatus
303 425 445 496 labienus,
460 433 490 479 ut
508 441 603 478 omnes
618 423 686 478 eitra
702 423 805 478 flumen
823 423 942 496 eliceret,
962 426 1062 482 eadem

135 513 201 552 naua
214 495 381 549 simulatione
392 494 501 563 itineris,
515 493 630 566 plaoide¹
640 492 865 562 progrediebatur.
891 495 972 564 Turn,
986 499 1061 566 piae-

134 566 228 620 missis
247 564 368 634 paullum
386 563 587 634 impedimentis
603 571 684 631 atqua
702 561 730 614 in
751 562 854 614 tumulo
890 562 992 618 nodam
1009 565 1062 622 ool-

135 633 237 704 looatis,
258 632 378 702 Habetis,
402 632 494 712 inquit,
518 631 626 701 milites,
650 645 739 710 quatu,
756 631 860 699 petistis
872 579 1060 688 laenitatem:

136 703 242 756 hostem
253 703 291 756 im
327 701 381 754 dito
393 709 474 770 atque
486 700 576 770 iniquo
588 699 646 752 loco
658 707 770 751 tenetis:
784 707 918 768 praestate
932 702 1062 757 eamdem

134 771 213 826 uobis
225 771 286 824 duci
307 786 339 824 ua
350 770 485 838 virtutem,
496 783 581 838 quarn
598 783 793 836 saepenumero
805 768 959 836 imperatori
971 785 1061 840 praes-

135 840 241 894 titistis:
259 839 356 892 adesse
369 853 433 891 euru
445 844 472 890 et
484 837 552 890 liaeo
564 849 654 890 eoram
666 851 775 888 cernere
787 837 950 890 existimato.
976 838 1062 894 Simul

136 909 214 978 signa
232 907 266 960 ad
287 907 393 960 hostem
412 906 530 958 converti
553 907 696 975 aciemque
716 904 794 984 dirigi
812 903 897 975 jubet,
917 914 945 958 et
965 909 1063 977 paucis

133 979 232 1032 turmis
251 975 383 1046 praesidio
402 974 437 1028 ad
458 973 651 1044 impedimenta
670 972 795 1042 dimissis,
817 972 936 1042 reliquos
953 977 1062 1056 equites

136 1046 171 1100 ad
189 1045 273 1098 latera
291 1043 415 1113 disponit.
450 1043 579 1096 Celeriter
597 1042 678 1096 nostri
697 1042 814 1096 clamore
834 1041 940 1096 sublato
957 1045 1017 1114 pila
1034 1047 1061 1100 in
1123 1057 1124 1064 ¹

136 1113 228 1168 hostes
251 1115 408 1166 immittunt.
444 1112 485 1165 Illi
508 1111 555 1165 ribi
573 1119 679 1180 praeter
697 1119 782 1180 apem,
801 1123 869 1179 quos
888 1111 985 1180 fugere
1006 1129 1061 1168 ore·

136 1182 244 1252 debant,
258 1182 363 1236 infestis
373 1181 458 1249 signia
466 1180 502 1233 ad
515 1197 546 1232 aa
557 1180 596 1232 iro
604 1179 727 1234 viderunt
745 1179 878 1248 impetum
890 1181 1061 1236 iliodo’fsne

136 1265 188 1305 nori
209 1259 364 1321 potuerunt,
376 1265 409 1302 ac
427 1250 512 1320 primo
529 1263 659 1302 concursu
676 1248 705 1301 in
722 1217 816 1315 lugam
832 1247 956 1320 conjecti,
974 1251 1060 1320 proxi·

136 1335 197 1374 mas
213 1320 295 1373 silvas
312 1319 476 1388 petiverunt:
497 1331 565 1387 quos
582 1317 718 1370 Labienus
738 1316 860 1385 equitatu
878 1327 1059 1392 consectatus,

135 1403 164 1442 iii
217 1403 234 1440 o
257 1402 368 1442 numero
391 1386 538 1454 interfecto,
559 1384 741 1454 compluribus
764 1385 856 1454 captis,
880 1387 979 1454 paucis
1001 1397 1060 1458 post
1123 1397 1124 1404 ³

135 1457 180 1510 die
201 1473 233 1510 os
252 1456 399 1510 civitatem·
418 1455 532 1524 recepit:
551 1471 615 1507 nani
635 1453 770 1523 Germani,
791 1455 837 1523 qui
856 1455 956 1508 auxilio
968 1457 1060 1510 renie-
1123 1511 1124 1524 ,

135 1525 208 1595 bant,
229 1533 356 1606 percepta
375 1523 545 1579 Trevirorum
569 1521 640 1592 fuga,
661 1539 723 1575 sesa
745 1522 858 1574 domum
879 1523 1058 1580 contulemnt.
1123 1585 1124 1588 Ἴ

134 1594 205 1648 Cum
225 1595 258 1648 iis
277 1593 417 1665 propinqui
436 1591 617 1660 Indutiomari,
636 1591 682 1660 qui
700 1590 859 1656 deiectionis
876 1600 1003 1647 auctores
1020 1595 1060 1648 fu·
1123 1613 1124 1616 ¹

134 1671 218 1733 erant,
231 1663 351 1718 comitati
364 1677 418 1740 eos,
429 1677 466 1714 ax
482 1661 590 1714 civitate
608 1675 757 1713 excessere.
792 1660 962 1730 Cingetorigi,
976 1677 1059 1732 quent

133 1731 171 1786 ab
188 1732 263 1786 initio
280 1745 459 1800 permansisse
477 1730 503 1782 in
521 1728 610 1782 officio
621 1728 870 1798 demonstravimus,
883 1729 1060 1801 principatus¹

133 1807 216 1870 etque
229 1799 373 1868 imperium
386 1805 426 1850 est
439 1798 573 1852 traditum.
1123 1801 1124 1804 ’

170 1873 195 1920 9.
214 1868 312 1921 Caesar
331 1873 390 1945 post
409 1881 472 1918 uam
492 1875 529 1920 eii
547 1864 684 1934 Menapiis
702 1864 731 1918 in
749 1865 872 1920 Treviros
889 1865 974 1936 venit,
993 1867 1058 1922 dna·

134 1935 186 1990 bna
208 1935 243 1988 de
268 1949 357 1986 canera
382 1935 507 1987 Renum
535 1935 645 1987 transire
674 1933 824 1986 constituit:
855 1949 972 2003 quarum
1001 1944 1058 1990 erat
1123 1963 1124 1974 i

133 2003 226 2072 alteia,
245 2001 317 2072 quod
333 2001 433 2054 auxilia
452 2011 549 2054 eontra-
562 2019 592 2054 se
612 2001 729 2055 Treviris
746 2003 891 2071 miserant,
909 2003 965 2056 alte
1022 2021 1056 2059 ue
1123 2017 1124 2030 ²

133 2071 274 2126 Ambiorix·
291 2069 326 2122 ad
346 2085 393 2122 eos
415 2081 552 2140 receptum
573 2066 692 2123 baberet.
730 2070 778 2123 llis
797 2071 947 2138 constitutis
967 2088 997 2125 re
1016 2090 1034 2126 ii
1123 2091 1124 2132 3

147 2195 151 2203 ,
169 2139 253 2192 ullum
265 2153 345 2209 supra
357 2154 421 2193 euin
433 2138 522 2193 locum
542 2155 597 2208 qno
613 2147 675 2192 aute
691 2137 839 2193 enercitnm
850 2139 1047 2212 transduxerat,
1123 2141 1124 2200 l

132 2155 223 2262 geere
235 2216 345 2278 pontem
363 2207 485 2260 instituit.
520 2177 591 2262 kata
600 2215 683 2275 etque
696 2207 815 2260 instituta
827 2208 947 2278 ratione,⁸
1123 2201 1124 2242 ἶ

132 2275 250 2330 militum
262 2276 357 2346 studio,
370 2276 465 2345 paucis
481 2275 578 2329 diebus
595 2291 662 2346 opus
674 2275 802 2330 efficitur.
839 2276 929 2329 Firmo
946 2277 976 2330 in
1030 2295 1057 2331 e-
1123 2309 1124 2312 =

132 2345 196 2399 viris
214 2345 346 2414 praesidio
362 2345 397 2398 ad
416 2353 525 2414 pontem
544 2343 641 2414 relicto,
654 2359 689 2396 ne
702 2345 763 2413 quia
773 2344 809 2399 ab
821 2344 853 2398 iis
865 2345 954 2399 subito
966 2357 1058 2400 motus

131 2413 250 2484 oriretur,
263 2413 488 2483 reliquasoopiaa
505 2411 708 2481 equitatumque
727 2413 882 2467 transducit.
918 2413 991 2484 Ubii,
1010 2415 1057 2484 qui

131 2491 195 2536 ants
206 2482 316 2536 obsides
326 2481 456 2536 dederant
468 2489 549 2550 atque
561 2480 588 2534 iii
600 2479 763 2535 deditionem
776 2489 912 2551 venerant,
922 2483 1055 2552 purgandi

162 2661 289 2718 'Placide
305 2661 432 2722 ‘quietlyss
445 2677 472 2710 or
485 2659 631 2722 ‘leisurely.’

161 2733 254 2800 ’Modo
262 2750 272 2790 ,·
287 2733 379 2790 thetis,
393 2733 597 2790 ‘idomeneum'
608 2748 635 2783 or
648 2733 721 2794 ‘only
728 2735 800 2794 jost‚‘
810 2750 838 2784 so
847 2734 900 2784 that
908 2736 928 2786 it
937 2737 959 2787 ia
968 2737 1057 2788 almost

132 2792 272 2851 equivalent
283 2801 308 2840 to
320 2794 368 2847 oia,
385 2792 524 2852 ‘scarcely.’

161 2863 172 2892 ⁸
183 2861 309 2912 Civitatem
319 2864 340 2911 is
350 2863 408 2968 culp⁷
415 2877 446 2910 an
457 2863 611 2932 explanation
621 2863 650 2912 of
656 2864 697 2913 the
725 2865 838 2926 receding
845 2882 913 2927 quos,
924 2867 1058 2932 indication

133 2921 186 2970 thot
197 2922 231 2980 by
241 2937 298 2981 quor
310 2922 351 2969 the
363 2937 386 2968 w
404 2922 443 2989 cle
460 2931 524 2969 atate
541 2937 562 2970 is
578 2932 669 2990 meant.
726 2923 757 2971 he
769 2925 827 2973 verb
844 2927 944 2988 recipere
954 2927 1057 2978 denotet

133 2979 175 3027 tlie
186 2993 302 3039 recovery
312 2994 339 3028 or
349 2977 476 3028 reduction
485 2980 514 3028 of
521 2995 535 3028 a
545 2989 628 3028 uation
637 2980 719 3030 which
729 2980 777 3031 had
788 2983 870 3032 before
881 2985 1003 3036 revolted.

135 3107 142 3118 ι
162 3049 338 3118 Ῥήηςὶραιιιε
350 3051 370 3098 ia
382 3050 422 3099 the
439 3049 525 3112 kiugly
535 3067 562 3100 or
572 3051 680 3120 prinoely
690 3053 793 3115 dignity‚
806 3055 918 3106 whereas
934 3059 1058 3122 imperiosi

134 3122 156 3155 is
166 3106 209 3155 the
220 3109 326 3168 military
337 3123 419 3168 power
430 3109 564 3159 connected
574 3111 634 3160 with
645 3111 672 3159 it.

164 3177 230 3226 ‘See
241 3179 273 3227 iv.
286 3183 322 3232 17.
988 3181 1005 3206 ‘-

135 3247 290 3358 bozfflppig‘ip
300 3266 331 3300 as
341 3251 383 3300 the
394 3252 533 3364 ioanneiuos
544 3252 645 3317 making
654 3269 671 3304 a
680 3255 763 3320 bridge
775 3271 827 3308 was
838 3256 940 3320 linem
952 3260 1002 3323 end
1011 3261 1058 3314 bad
1123 3357 1124 3364 ἵ
