2296 3796
148 281 188 346 ³3
449 301 489 342 ne
510 299 607 352 saeuo
626 299 762 344 canarno.

148 419 237 465 monte
249 409 402 464 consedisse
420 409 636 480 milia-passuum
647 409 682 464 ab
694 409 778 489 ipsius
794 409 966 479 castanedo,
978 409 1074 479 qualis
1136 391 1137 438 l

99 503 101 508 ·
147 488 219 534 esset
231 490 325 532 natura
337 480 433 534 montis
445 488 472 534 et
484 479 570 550 qualis
587 481 613 533 in
632 479 742 532 circuitu
760 496 888 532 ascensus
899 479 946 549 qui
958 495 1074 548 cognos-

148 559 238 602 cerent
251 549 332 602 misit.
360 550 550 604 Renuntiatum
561 548 718 602 estfaoilem
731 551 809 602 esse.¹
840 548 1075 618 Detertiavigilia
1136 549 1137 610 ζ

148 619 238 672 Titum
248 619 407 672 Labienum¹
415 620 534 688 legatum
546 627 720 692 propraetore
732 635 796 672 cum
805 617 910 671 duabus
919 617 1075 687 legionibus

148 697 175 740 et
190 689 222 740 iis
239 687 361 758 ducibus,
374 689 419 758 qui
439 691 489 742 iter
507 698 690 758 cognoverant,
703 705 841 741 summum
861 687 952 756 'ngum
970 687 1075 742 rnontis
1136 695 1137 718 ³

147 758 293 811 ascendere
304 757 396 828 jubet,
412 758 476 828 quid
489 759 529 812 sui
542 758 644 810 consilii
653 758 693 826 sit,
703 757 828 810 ostendit.
868 775 916 826 pse
928 757 963 810 de
973 765 1075 827 quarta
1136 767 1137 802 3

149 828 238 896 vigilia
250 827 346 880 eodem
359 827 459 898 itinere,
473 845 525 898 quo
538 827 628 880 hostes
639 828 730 896 ierant,
740 827 774 880 ad
788 844 834 880 eos
846 827 981 880 contendit
994 828 1074 897 equi·
1136 863 1137 870 ι

149 907 288 966 tatumqne
307 915 415 950 ornnem
432 907 495 950 ante
513 915 543 950 se
561 897 650 950 mittit.
688 897 716 950 Ρ.
730 895 876 960 Considius,
890 899 935 969 qui
949 898 986 950 rei
1000 895 1076 950 rnili-

148 966 211 1018 taris
229 965 405 1036 peritissimus
423 966 571 1020 habebatur
583 975 609 1019 et
622 967 648 1018 in
661 967 779 1020 exercitu
792 967 821 1019 L.
836 966 924 1019 Sullae
936 975 963 1018 et
976 975 1075 1038 postea
1136 979 1137 1038 l

149 1036 175 1088 in
188 1037 227 1088 Μ.
241 1037 327 1088 Crassi
339 1037 433 1104 luerat,
446 1054 508 1090 curn
522 1035 731 1106 exploratoribus
743 1036 926 1106 praemittitur.
1136 1051 1137 1098 ι

183 1109 224 1158 22.
244 1106 332 1159 Prinla
348 1105 427 1174 lnce,¹
438 1123 522 1175 quum
541 1122 663 1158 summus
682 1123 758 1158 mons
775 1123 792 1157 a
809 1105 840 1158 Τ.
860 1105 977 1158 Labieno
995 1113 1075 1160 tene-

149 1184 226 1244 retur,
242 1177 298 1244 ipse
316 1176 351 1228 ab
370 1175 485 1228 hostiurn
504 1176 597 1228 castris
616 1192 666 1227 non
685 1174 788 1244 longius
806 1175 879 1228 mille
899 1184 925 1228 et
939 1175 1075 1244 quingen-

148 1243 183 1297 tis
200 1245 324 1314 passibus
343 1243 458 1316 abesset,
477 1261 572 1314 neque,
592 1253 622 1297 ut
639 1253 730 1314 postea
749 1263 783 1297 ex
800 1243 911 1314 captivis
929 1245 1073 1315 comperit,
1136 1295 1137 1302 ,

147 1322 194 1366 aut
218 1315 300 1384 ipsius
323 1315 462 1386 adventus,
483 1324 529 1368 aut
549 1314 660 1368 Labieni
685 1315 807 1381 cognitus
827 1323 906 1382 esset,
928 1315 1074 1369 Considius
1136 1325 1137 1370 ἶ

148 1400 217 1453 equo
228 1384 346 1438 admisso
358 1385 392 1438 ad
402 1403 465 1438 eum
476 1385 598 1454 accurrit,
611 1383 675 1436 dicit
688 1394 815 1453 montem,
826 1401 907 1452 quern
920 1401 936 1436 a
948 1383 1073 1438 Labieno
1136 1383 1137 1404 ¹

147 1455 270 1524 occupari
289 1454 407 1524 voluerit,
426 1455 461 1508 ab
480 1454 600 1508 hostibus
621 1453 718 1506 teneri:
739 1453 765 1506 id
784 1471 813 1506 se
829 1471 845 1504 a
858 1453 969 1507 Gallicis
986 1455 1073 1508 armis
1136 1455 1137 1498 l

147 1532 174 1576 at
195 1542 228 1577 ue
241 1525 397 1594 insignibus*
408 1525 573 1594 cognovisse.
601 1521 698 1575 Caeam
707 1541 770 1576 suas
778 1524 869 1594 copias
881 1524 906 1575 in
916 1524 1072 1594 proximum
1136 1563 1137 1594 ,

146 1541 242 1648 collern
262 1594 394 1662 subducit,
407 1595 495 1648 aciern
514 1592 626 1646 instruit.
663 1592 804 1662 Labienus,
823 1602 852 1646 nt
871 1602 927 1646 erat
946 1594 973 1646 ei
992 1611 1070 1664 prae·
1136 1633 1137 1650 2

146 1672 254 1734 ceptum
268 1682 283 1716 a
296 1666 417 1731 Caesare,
428 1681 461 1716 ne
474 1663 603 1732 proelium
615 1663 801 1730 committeret,
816 1661 865 1714 nisi
879 1662 962 1731 ipsius
974 1666 1071 1734 copiae

146 1749 227 1856 prope
245 1733 361 1786 hostiurn
379 1741 466 1784 castra
478 1732 550 1784 visae
563 1741 660 1800 essent,
673 1741 702 1785 ut
715 1732 831 1802 undique
846 1749 896 1785 utro
909 1740 1030 1803 ternpore
1042 1734 1071 1788 in
1136 1745 1137 1772 l

165 1817 237 1855 ostes
260 1803 377 1872 irnpetus
400 1803 483 1870 fieret,
504 1809 595 1854 monte
618 1813 746 1870 occupato
770 1811 871 1854 nostros
894 1803 1071 1870 exspectabat
1136 1819 1137 1884 j

146 1872 297 1940 proelioque
317 1871 476 1924 abstinebat.
513 1871 600 1924 Multo
617 1871 733 1942 deniqne
751 1871 806 1924 tlie⁶
823 1889 875 1940 per¹
889 1871 1071 1950 exploratores

146 1941 244 1992 Caesar
261 1942 383 2008 cognovit
399 1949 425 1992 et
444 1949 563 1994 montem
575 1958 592 1993 a
604 1942 661 1994 suis
680 1942 763 1994 teneri
782 1949 809 1993 et
826 1941 963 1994 Helvetios
981 1951 1070 1996 castra
1136 1949 1137 2000 l

145 2011 261 2063 movisse
281 2019 308 2062 ct
326 2009 479 2062 Considium
498 2011 590 2064 timore
609 2011 776 2080 perterritum
797 2010 867 2080 quod
887 2027 938 2063 non
955 2011 1069 2066 vidisset
1136 2071 1137 2080 ἶ

145 2095 191 2201 pro
210 2080 266 2132 viso
289 2079 339 2132 sibi
365 2081 538 2132 renuntiasse.
576 2081 614 2132 Eo
632 2081 675 2132 die
690 2097 742 2149 quo
760 2089 900 2134 consuerat
919 2081 1070 2134 intervallo⁸
1136 2081 1137 2116 l

84 2188 89 2197 ,
154 2158 235 2202 restes
248 2150 367 2220 sequitur
379 2159 405 2202 et
417 2150 491 2203 milia
502 2167 630 2220 passuum
651 2149 700 2203 tria
716 2149 751 2204 ab
764 2167 857 2204 eorum
874 2151 967 2203 castris
980 2161 1069 2205 eastra
1136 2217 1137 2240 ,

146 2220 226 2289 ponit.

173 2379 180 2406 ¹
191 2376 216 2425 N
219 2377 308 2437 amely,
321 2394 451 2432 ascensam,
464 2376 501 2425 for
511 2377 534 2424 in
546 2377 594 2424 this
610 2391 713 2432 answer,
727 2376 768 2424 the
779 2374 856 2432 other,
870 2387 1008 2438 respectrng
1024 2375 1066 2426 the

144 2436 238 2484 natural
249 2445 369 2485 structure
381 2437 409 2484 of
420 2437 461 2484 the
473 2437 608 2493 mountain,
621 2436 642 2484 is
653 2435 760 2495 irnplied.

172 2527 181 2553 ²
191 2523 221 2572 T.
232 2525 354 2573 Labienus
367 2525 387 2572 is
398 2525 439 2572 tho
451 2523 566 2584 principal
577 2539 622 2572 one
634 2539 722 2584 among
730 2522 771 2570 the
780 2522 872 2582 legates
883 2537 910 2569 or
918 2521 1066 2570 lieutenants

143 2583 171 2632 os
184 2583 283 2640 Caesar,
297 2585 380 2632 whose
396 2585 463 2644 place
481 2585 510 2632 he
527 2584 598 2632 takes
609 2582 739 2630 whenever
756 2581 847 2650 Caesar
862 2579 882 2628 is
898 2582 1000 2638 absent3
1017 2579 1067 2630 aud
1136 2587 1137 2610 ³

144 2643 333 2763 §pghilpapjeagpn
344 2643 374 2691 he
386 2644 406 2691 ie
417 2641 596 2704 distinguished
606 2643 639 2702 by
647 2641 688 2689 tha
697 2641 814 2701 honorary
824 2639 877 2687 title
886 2639 914 2687 oi
919 2649 1065 2702 propraetor.
1136 2719 1137 2722 Ἴ

172 2787 274 2838 ³Prima
285 2792 334 2838 lua.
366 2789 393 2840 ln
406 2789 463 2846 this,
477 2806 503 2838 ns
520 2789 544 2837 in
560 2804 632 2848 many
644 2788 713 2836 other
723 2802 801 2842 cases,
815 2785 855 2833 the
872 2783 990 2845 adjective
1006 2785 1065 2834 does

144 2861 184 2898 not
201 2850 273 2910 apply
284 2859 309 2895 to
320 2849 361 2896 the
373 2849 448 2896 entire
461 2848 529 2908 thing
540 2847 672 2906 expressed
682 2849 715 2906 by
727 2846 767 2893 the
779 2846 939 2900 substantive,
953 2846 997 2892 but
1007 2844 1066 2905 only
1136 2861 1137 2868 ¹

143 2919 255 2968 toapart
266 2907 294 2955 of
301 2908 328 2954 it.
360 2906 541 2978 Hence-prima
552 2910 593 2954 lac
603 2906 624 2976 is
635 2910 672 2954 tlte
676 2907 734 2966 first
742 2914 799 2966 part
810 2903 838 2952 os
849 2903 894 2974 the
902 2903 957 2963 day.
990 2903 1064 2952 Com·
1136 2917 1137 2962 j

143 2985 199 3028 pare
215 2984 318 3016 summas
334 2983 408 3020 mone,
422 2983 498 3028 premo
509 2983 569 3021 aere,
579 2982 682 3028 premam
697 2981 789 3026 agmen,
801 2979 955 3011 mauraneum
970 2979 1063 3024 agerer,

143 3030 200 3077 colle
209 3027 290 3082 medie,
303 3028 377 3072 multa
388 3034 460 3081 nocte,
476 3025 525 3072 dcc.

171 3101 245 3150 ⁴The
260 3102 369 3162 insignio
384 3100 441 3148 here
459 3116 499 3150 are
516 3100 557 3148 the
575 3109 713 3148 ornaments
724 3097 752 3146 ol
764 3097 805 3145 the
820 3111 924 3153 armeur,
938 3111 965 3144 as
981 3095 1010 3145 of
1023 3095 1065 3146 the
1136 3099 1137 3118 ¹

144 3161 257 3217 helmets,
271 3160 319 3207 duc.
352 3159 399 3207 See
410 3163 434 3207 ri.
446 3164 482 3208 21.

172 3237 182 3264 ⁸
191 3233 256 3281 That
268 3233 297 3288 is,
311 3233 422 3301 ‘whenua
432 3242 499 3294 great
508 3242 563 3301 part
573 3231 602 3280 of
608 3230 650 3279 the
659 3231 706 3291 day
714 3229 762 3279 had
772 3229 870 3289 already
876 3228 965 3289 passed
975 3229 1063 3290 away!

145 3293 192 3340 See
203 3292 272 3350 chap.
284 3294 322 3346 26,
336 3291 383 3340 and
394 3306 427 3338 ιιι.
439 3295 477 3348 26,
490 3307 531 3340 vn.
543 3294 581 3338 28.

173 3364 229 3411 ‘As
240 3363 261 3411 is
272 3363 399 3414 described
409 3375 433 3413 at
444 3365 487 3414 the
497 3363 546 3414 end
555 3362 583 3414 ol
595 3361 664 3425 cbap.
676 3363 713 3410 to.
