2268 3786
149 311 211 374 iffi
446 329 486 371 ns
507 329 611 376 asmo,
624 327 762 370 murco.

146 457 193 496 sno
205 455 278 494 moro
290 437 529 508 conclamaverunt,
542 437 580 492 nti
598 437 681 508 aliqui
698 455 733 494 ex
750 437 890 502 nostrised
902 439 1069 510 colloquium

146 509 291 581 prodirent·
311 507 409 562 babere
427 525 495 578 sese,
513 524 583 577 qnae
600 506 635 561 ds
653 525 681 563 re
699 509 835 563 communi
853 507 944 562 dicere
955 509 1069 581 nollent¹

146 579 244 652 quibus
255 549 335 632 rohos
346 577 537 632 controversias
548 577 631 630 minui
643 595 721 657 posse
734 586 879 649 sperarent.

181 653 223 701 ot.
243 647 359 702 Mittitur
370 648 404 702 ad
423 663 469 700 sos
486 645 652 716 colloquendi
670 665 752 702 causa
770 647 799 701 C.
818 646 969 718 Arpineius,
982 665 1070 718 eques

145 717 287 788 Romanus,
306 715 443 772 familiaris
466 716 498 776 Q.
522 715 624 782 Titurii,
650 725 677 770 et
701 717 735 777 Q.
761 718 856 772 Junius
879 735 913 772 ex
937 718 1070 788 Hispanis

146 787 262 868 quidam,
276 788 322 857 qui
339 786 393 858 jam
414 795 476 839 ante
496 786 582 840 missu
599 785 728 840 Caesaris
747 785 784 840 ad
797 786 985 855 Ambiorigem
1003 804 1067 842 ven·

147 867 221 910 trtare
246 865 433 910 consueverat:
457 855 528 926 apud
551 873 618 925 quos
638 856 776 910 Ambiorix
798 856 832 908 sd
856 855 929 911 hunc
953 856 1070 912 modom

147 927 249 981 locutus
268 935 323 979 est:
349 943 408 980 sese
426 942 471 997 pro
486 925 605 978 Caesaris
625 925 651 978 in
672 943 702 978 se
721 924 863 979 beneficiis
876 925 1025 996 plurimum
1041 925 1071 980 ei

146 997 264 1050 confiteri
285 995 391 1066 debere,
412 993 482 1065 quod
506 993 566 1064 cjus
588 1011 667 1066 opera
687 995 819 1065 stipendio
837 995 964 1052 liberatus
986 1003 1067 1065 esset,

146 1065 215 1137 quod
233 1064 381 1118 Aduatucis
399 1065 518 1118 finitimis
536 1064 590 1116 suis
612 1063 729 1134 pendere
747 1075 917 1135 consuesset5
940 1066 1069 1135 quodque

146 1133 171 1188 ei
191 1145 218 1188 et
239 1133 309 1188 lilius
327 1143 355 1187 st
374 1133 461 1187 fratris
480 1133 551 1188 filius
569 1133 604 1187 ab
622 1133 735 1188 Cassera
757 1135 859 1188 remissi
879 1149 984 1204 essent,
1000 1151 1071 1205 quos

146 1203 287 1274 Aduatuci,
306 1203 429 1258 obsidum
453 1219 562 1256 numero
586 1203 688 1274 missos,
707 1203 778 1274 apud
796 1221 825 1257 se
843 1204 869 1257 in
893 1204 1023 1258 servitute
1040 1213 1069 1258 et

146 1273 424 1344 catenis-renuissent:
449 1289 537 1343 neque
555 1272 589 1342 iu,
608 1271 678 1343 quod
697 1273 790 1328 fecerit
813 1273 847 1326 dc
870 1290 940 1344 oppa
978 1275 1068 1328 atione

146 1351 299 1412 castrorum,
318 1352 363 1396 aut
382 1341 480 1412 judicio
499 1351 545 1394 sut
562 1341 696 1395 voluntate
717 1359 766 1396 suo
786 1342 933 1413 lecisse,se
971 1351 1071 1397 coactu

147 1413 263 1466 civitatis
270 1430 278 1482 3
296 1430 397 1482 suaque
415 1429 475 1466 esse
494 1410 624 1482 ejusmodi
637 1411 768 1481 imperis,¹
778 1421 807 1465 ut
818 1429 871 1466 non
882 1413 974 1466 minus
984 1411 1068 1468 habe·

146 1491 185 1536 ret
202 1481 267 1553 juris
279 1483 305 1536 in
319 1499 349 1536 se
361 1479 509 1548 multitudo,
523 1495 603 1549 quam
615 1479 672 1550 ipse
685 1481 712 1533 in
722 1479 930 1536 multitudinem.
960 1482 1069 1536 Civitati

145 1568 220 1624 porro
243 1551 312 1606 hano
335 1551 417 1604 luisse
440 1550 503 1604 belli
527 1567 643 1619 causam,
663 1549 732 1620 quod
758 1553 913 1620 repentinae
929 1551 1070 1606 Gallorum

146 1619 318 1692 conjurationi
337 1621 459 1674 resistcre
470 1635 524 1672 non
535 1620 663 1690 potuerit:
683 1619 709 1672 id
722 1637 752 1672 se
764 1619 844 1674 facile
861 1638 896 1675 ex
907 1621 1069 1676 hunitune

146 1707 194 1744 sua
205 1691 316 1771 probare
328 1707 413 1760 posse,
427 1688 496 1758 quod
509 1705 561 1741 non
572 1687 640 1741 adeo
657 1691 692 1743 sit
711 1690 850 1759 imperitus
862 1708 959 1761 rerum,
970 1703 1001 1746 ut
1013 1691 1070 1746 suis

146 1761 231 1832 cophe
251 1759 375 1830 populum
400 1759 548 1814 Romanurn
573 1773 602 1809 se
622 1775 745 1828 superare
766 1777 844 1829 posse
863 1760 994 1814 confidat:
1019 1761 1070 1815 sed

146 1847 206 1882 esee
219 1830 321 1882 Galliae
340 1845 482 1891 commune
500 1827 658 1896 consilium;
675 1828 800 1883 omnibus
812 1828 931 1882 hibernis
943 1831 1068 1884 &amris

146 1897 328 1968 oppugnandis
346 1897 416 1950 bunc
434 1915 495 1950 esse
512 1897 616 1950 dictum
633 1897 715 1968 diem,
735 1915 769 1951 ns
788 1915 840 1967 qua
865 1899 933 1968 legio
956 1899 1068 1954 alterae⁴

146 1967 243 2035 legioni
255 1965 371 2020 subsidio
383 1967 474 2020 venire
485 1977 590 2036 posset:
609 1983 661 2020 non
679 1967 759 2022 facilc
771 1967 861 2036 Gades
872 1969 957 2022 Gallis
967 1985 1068 2038 negare

147 2037 270 2106 potuisse,
290 2037 444 2106 pracsertim
476 2052 539 2090 uum
552 2036 588 2103 dc
601 2053 661 2090 recu
682 2037 781 2090 aranda
793 2038 929 2090 communi
940 2037 1067 2092 libertate

147 2105 287 2158 consilium
310 2105 406 2158 initum
428 2053 571 2160 videretur.
607 2053 711 2166 Quihus
739 2107 864 2175 quonism
886 2123 932 2176 pro
956 2107 1068 2178 pietate‘

147 2173 312 2243 satisfecerit,
331 2173 431 2228 habere
454 2192 525 2228 nuno
549 2191 578 2228 se
602 2177 732 2230 rationem
754 2176 835 2228 officii
858 2192 905 2244 pro
928 2175 1068 2230 beneficiis

147 2243 281 2312 Caesaris,
304 2260 422 2313 monere,
440 2261 515 2298 orare
532 2245 665 2300 Titurium
688 2263 734 2315 pro
752 2244 873 2314 bospitio,
891 2253 921 2296 ut
944 2262 1011 2298 suae
1034 2261 1069 2300 ao

146 2311 261 2366 militum
281 2313 358 2366 saluti
377 2314 511 2368 consulat:
530 2331 657 2384 magnam
677 2331 783 2370 manum
798 2315 990 2368 Germanorum
1003 2331 1067 2368 oon·

146 2381 252 2436 ductam
265 2382 386 2438 Rhenum
399 2384 539 2452 transisse3
557 2383 626 2436 hanc
643 2383 734 2436 adfore
747 2383 835 2446 biduo.
872 2383 993 2452 ipsorum
1005 2399 1068 2438 esse

48 2517 50 2522 ι
146 2453 305 2524 consilium,⁸
316 2453 433 2508 velintne
452 2453 532 2524 prius,
545 2469 626 2523 quarn
644 2451 749 2506 finitimi
768 2453 889 2524 sentiant,
903 2451 1017 2508 eductos
1033 2469 1068 2507 ex

175 2675 275 2723 1Μιζςειι
287 2674 396 2723 Caesarie
407 2673 428 2722 is
439 2672 480 2722 the
491 2688 558 2721 ssme
570 2687 597 2720 sa
606 2672 713 2720 mittente
724 2670 831 2718 Caesare.
863 2669 910 2717 Sec
920 2668 953 2717 vi,
965 2673 987 2719 7.

145 2746 292 2854 k.'¹m1'e'²'1³
303 2747 359 2795 here
370 2762 410 2795 ure
421 2745 463 2794 the
474 2745 551 2807 rights
562 2745 609 2794 und
624 2759 719 2805 powers
730 2740 809 2791 which
825 2742 915 2804 belong
930 2751 956 2791 to
971 2741 1023 2791 him
1038 2757 1067 2792 ss

163 2821 325 2924 Pilumnum
342 2875 364 2923 is
379 2876 421 2923 the
435 2876 545 2935 opposite
555 2875 583 2924 ol
592 2884 707 2939 potestus,
720 2873 776 2932 end,
789 2873 952 2934 accordingly,
966 2874 1067 2924 ‘wenli-

144 2936 220 2992 ness,’
233 2951 261 2984 or
273 2941 353 2984 ‘want
363 2934 392 2983 of
402 2935 501 2994 power!

173 3009 289 3057 ⁴Alteroc
305 3022 389 3056 occurs
406 3023 461 3056 now
473 3008 519 3057 and
536 3008 594 3058 then
611 3009 635 3058 in
652 3009 694 3057 the
711 3008 791 3057 dstive
808 3007 845 3056 sor
858 3007 936 3055 ulter-i
968 3005 998 3054 In
1016 3006 1069 3058 tiis

145 3083 245 3116 manner
252 3083 289 3114 we
300 3067 351 3115 also
362 3067 413 3118 find
421 3069 495 3116 altero
504 3068 529 3116 in
537 3069 578 3116 the
587 3068 678 3126 dative,
685 3067 780 3116 instead
788 3067 816 3114 ol
822 3069 900 3116 alteri
922 3066 1021 3116 Servii.
1028 3071 1067 3115 25.

174 3139 289 3196 ‘Pictam
307 3139 356 3188 thie
367 3139 434 3188 word
450 3132 582 3208 comprises
593 3141 625 3189 sll
636 3141 677 3210 the
687 3141 767 3189 dnties
778 3139 859 3209 which
875 3155 891 3187 s
905 3154 964 3187 mun
979 3138 1026 3187 bas
1041 3149 1071 3188 to

146 3198 250 3303 llll
260 3198 981 3318 h’lt‘lh‘ihhilldlllltlhldttllldicibili,
1000 3195 1068 3246 ⁸⁰¹⁶

175 3325 301 3391 flpsorum
311 3345 362 3376 esse
370 3331 503 3388 consiliam,
516 3330 534 3379 it
545 3345 597 3379 was
607 3330 632 3379 in
641 3330 704 3380 their
713 3345 796 3391 power
812 3331 852 3387 (he
867 3329 929 3385 said)
943 3339 970 3379 to
985 3328 1067 3380 deter-

149 3395 212 3430 rnme
223 3385 341 3443 whether,
355 3385 403 3435 doc.
