2272 3788
138 305 195 366 174
438 321 479 361 os
499 319 597 362 annno
617 319 754 364 eunuco.

136 430 238 486 consilii
257 427 341 482 fuisse
357 429 535 508 cognoverint,
552 437 590 500 ut,
608 427 631 481 si
649 428 751 482 flumen
771 427 934 500 transissent,
951 443 1008 483 nna
1028 443 1066 484 ex

135 507 211 570 parte
234 501 291 569 ipsi,
315 497 400 552 altera
422 500 535 551 Arverm
558 513 588 549 se
611 497 846 550 circumsisterent.
882 497 915 550 Id
933 513 1003 552 eane
1027 498 1065 550 de

136 583 225 638 causa,
238 584 321 636 qnam
337 566 363 617 le
399 565 434 618 tis
451 565 662 643 pronunciatum,
680 581 716 618 an
769 565 844 618 rfidia
861 565 974 618 adducti
990 564 1066 618 fece·

136 635 195 706 rint,
214 637 285 705 quod
308 634 365 688 nihi
398 633 474 686 nobis
496 640 606 702 constat,
631 649 682 686 non
706 633 732 685 vi
752 641 811 688 etur
833 649 880 703 pro
903 642 979 687 certo
1002 649 1066 686 esso

136 705 308 775 ponendum.¹
343 703 474 770 Bituriges
491 718 584 754 eorum
601 699 723 754 discessu
741 702 831 755 statim
848 717 878 755 se
889 717 956 756 cum
967 704 1067 756 Arser-

136 772 179 826 nis
195 772 290 828 ccn'un
330 781 366 823 nt.

172 845 197 894 6.
215 789 264 894 tiis
276 789 356 893 reglihs
367 838 393 891 in
406 837 512 890 ltaliam
522 837 629 906 Qessri
641 837 783 907 nunciatis,
796 853 879 906 quum
891 837 950 908 jam
963 838 1010 892 ille
1022 855 1066 891 ur·

136 908 221 963 banse
239 910 289 961 res¹
300 909 396 960 virtuts
415 906 462 959 Cn.
475 906 596 976 Pompeii
613 907 821 960 commodiorem
839 906 865 958 in
884 915 987 960 statum
1005 923 1068 976 pore

136 978 243 1030 venisse
264 976 430 1044 intelligeret,
449 973 476 1027 in
496 973 699 1043 Transalpinam
717 975 834 1028 Gelliam
854 975 994 1043 proiectus
1013 983 1064 1027 est.

138 1045 178 1099 no
189 1059 272 1113 quum
285 1045 410 1113 venisset,
422 1059 521 1111 magna
532 1039 691 1096 difficultate
702 1042 878 1111 afficiebatur,
886 1046 951 1112 qua'
962 1043 1066 1096 ratione

136 1111 172 1166 nd
189 1112 335 1166 exercitum
355 1111 495 1182 pervenire
514 1119 612 1179 posset.
648 1111 719 1164 Nam
736 1110 758 1162 si
775 1111 896 1178 legiones
913 1111 941 1164 in
959 1111 1064 1182 provin·

137 1180 209 1234 ciam
220 1187 375 1249 arcesseret,
389 1193 419 1232 se
436 1179 548 1232 absente
564 1179 592 1231 in
609 1178 704 1231 itinere
720 1179 819 1248 proelio
834 1177 1011 1232 dimicaturas
1026 1179 1064 1232 iu·

136 1247 287 1317 telligebat:
308 1250 331 1302 si
347 1249 404 1318 ipse
420 1247 455 1301 ad
472 1247 620 1300 exercitum
637 1246 818 1316 contenderet,
836 1263 870 1300 ne
888 1247 921 1300 iis
940 1247 1063 1318 quidem,

136 1317 183 1386 qui
200 1333 232 1368 eo
247 1311 367 1440 ίίὲιξέωτθ
384 1316 473 1386 pacati
489 1314 651 1385 siderentur,
668 1331 746 1369 suam
764 1315 880 1370 salutern
897 1326 972 1370 recte
991 1331 1064 1369 com·

136 1384 207 1438 mitti
219 1385 245 1437 vi
317 1392 336 1437 t.
884 1437 887 1442 ,

171 1457 197 1506 7.
215 1443 324 1506 Interim
347 1451 487 1506 Lucterius
509 1451 653 1521 Cadurcus,
678 1451 705 1504 in
728 1451 847 1506 Rutenos
869 1453 979 1522 missus,
1000 1468 1063 1505 eam

136 1521 275 1574 civitatem
297 1519 424 1575 Arvernis
447 1519 578 1573 conciliat.
614 1519 772 1587 Progressus
794 1521 821 1573 in
845 1520 1012 1590 Nitiobriges
1035 1529 1062 1573 et

135 1585 258 1659 Gabelo'a,
271 1589 306 1642 ab
324 1589 375 1642 utri
409 1605 444 1641 ue
462 1587 570 1641 obsides
587 1588 695 1658 accipit,
704 1595 731 1641 et
748 1605 847 1656 magno
864 1597 957 1642 coacte
969 1605 1060 1659 manu,

135 1659 163 1714 in
174 1659 339 1728 provinciam
350 1658 406 1711 Nar
442 1673 506 1710 nem
517 1659 620 1708 versus‘
632 1657 797 1726 eruptionem
811 1657 900 1710 lacere
913 1655 1059 1711 contendit.

135 1725 195 1786 Qua
217 1743 246 1780 re
269 1727 395 1780 nunciata
423 1726 522 1778 Caesar
540 1724 664 1778 omnibus
686 1725 804 1792 consiliis
825 1726 1061 1784 antevertendum‘

134 1795 304 1863 existimavit,
324 1802 354 1846 ut
376 1765 528 1847 liarbonern
554 1793 771 1862 proficisceretur.
808 1795 847 1847 Ro
870 1803 955 1862 quum
972 1795 1060 1848 renis·
1130 1801 1131 1810 ¹

135 1870 176 1916 set
203 1864 330 1915 timentes
345 1862 491 1930 confirmat,
510 1861 644 1931 praesidia
661 1861 687 1914 in
705 1862 817 1914 Rutenis
834 1861 1060 1934 provincialibus·

134 1902 231 1983 Voicis·
242 1931 413 2000 Arecomicis,
432 1929 608 1999 Tolosatibus,
627 1931 783 1998 circumque
795 1930 968 2000 Narbonem,
987 1947 1059 2002 qnae

133 1997 193 2052 loca
212 1997 333 2051 hostibus
353 2007 427 2053 erant
443 1999 563 2068 finitima,
577 1999 727 2052 constituit:
782 2005 850 2051 rtem
867 1999 1005 2068 copiarum
1023 2016 1058 2055 es
1129 2027 1130 2052 r

152 2065 270 2132 roviucia
293 2083 324 2119 su
343 2066 570 2135 plemetrtumque,
596 2067 666 2135 quod
690 2083 725 2118 ex
747 2015 824 2120 iistis
847 2066 1003 2138 adduxerat,
1029 2070 1057 2123 in

133 2081 251 2203 helvius,
264 2135 310 2204 qui
322 2083 391 2188 lines
402 2138 580 2188 Arvernorum
592 2135 754 2205 contingunt,
768 2135 910 2188 convenire
921 2135 1008 2205 jubet.

168 2205 193 2255 8.
212 2202 260 2255 llis
278 2201 358 2256 rebus
375 2204 540 2273 comparatis,
554 2219 674 2273 represso
691 2202 747 2272 jam
759 2202 882 2256 Lucterio
899 2212 927 2256 et
944 2209 1054 2276 remoto,

131 2391 327 2514 qffilPosnplsdum,
340 2345 397 2441 heis
408 2390 455 2440 and
465 2388 609 2445 elsewhere,
622 2388 666 2466 has
677 2387 719 2436 tha
730 2387 845 2448 meaning
854 2387 883 2436 oi
891 2391 1051 2447 statsersdssr,

170 2467 218 2499 asic
253 2467 299 2499 ssa

160 2523 255 2571 'Duriu
289 2522 330 2570 the
347 2522 514 2571 disturbancos
531 2517 612 2566 which
629 2517 689 2566 took

132 2581 229 2630 murder
239 2537 272 2628 oi
275 2579 385 2636 Clodius,
397 2579 507 2683 Pompei
515 2593 567 2624 was
577 2575 672 2626 elected
682 2533 734 2623 soie
745 2575 839 2633 consul,
850 2575 897 2624 aud
907 2575 1010 2626 ordered
1019 2579 1052 2638 by

722 2516 774 2565 lace
790 2527 815 2566 at
833 2515 913 2566 Roma
934 2515 995 2566 aller
1011 2518 1052 2568 the

131 2638 174 2687 the
184 2647 269 2688 senate
280 2649 306 2687 to
317 2637 396 2686 watch
407 2645 485 2684 overt
504 2651 517 2684 e
528 2635 608 2694 sasety
618 2634 647 2681 of
658 2633 700 2680 the
711 2634 827 2692 republic.

160 2711 265 2760 'Relore
276 2728 323 2772 quc
334 2728 371 2759 we
383 2720 448 2758 must
460 2709 548 2768 supply
558 2708 600 2756 the
611 2709 669 2756 verb
680 2709 793 2756 dubitans
804 2721 831 2754 cr
841 2709 958 2764 moieno,
971 2707 1051 2758 which

130 2770 161 2825 is,
170 2770 196 2818 in
206 2769 261 2826 lact,
272 2770 370 2828 implied
381 2770 405 2816 in
416 2768 457 2816 the
469 2767 610 2827 expression
618 2767 754 2834 difficaltate
763 2767 912 2827 afficiebatur,
923 2766 968 2816 ‘he
978 2766 1051 2817 found

131 2827 233 2876 himself
244 2828 269 2875 in
279 2838 347 2888 great
358 2826 506 2882 difficulties,
518 2834 561 2873 not
573 2824 707 2885 knowrng,'
721 2824 779 2873 duos
982 2843 985 2857 =

159 2900 169 2929 ⁴
179 2899 299 2958 Compare
310 2900 342 2949 vi.
353 2903 391 2956 32,
404 2907 460 2947 note
471 2901 494 2946 8.

160 2970 332 3020 'Anteoertere
348 2972 433 3027 is‚.‘to
450 2969 579 3028 anticipata
596 2985 610 3016 a
626 2981 723 3029 person,
736 2967 783 3016 and
799 2967 886 3017 thorah
913 2977 1050 3028 toprevent

130 3027 169 3079 his
186 3028 296 3088 carrying
313 3039 355 3078 out
372 3030 410 3078 his
427 3027 507 3088 plsn3'
527 3029 633 3076 omnilm
649 3029 755 3076 modiis
773 3026 794 3094 is
811 3026 852 3076 the
870 2983 986 3084 ablativo,
1004 3029 1050 3078 and

130 3085 269 3141 equivalent
278 3096 304 3144 to
312 3105 370 3148 prce
380 3089 485 3136 omnabm
495 3087 610 3134 masiliis.
635 3085 690 3132 The
702 3099 774 3133 sense
785 3100 821 3132 ssr
842 3083 937 3133 ‘before
948 3083 1050 3150 forming

130 3153 178 3198 any
188 3141 258 3189 other
269 3143 334 3201 plen,
348 3145 440 3193 Caessr
450 3143 553 3204 thought
565 3143 583 3190 it
594 3158 724 3202 necessary
735 3152 761 3190 to
771 3157 803 3202 go
813 3152 839 3190 to
851 3141 954 3196 Narbo!

158 3211 232 3260 ‘The
244 3215 337 3264 Ruteni
351 3233 416 3266 were
434 3216 476 3264 the
493 3215 640 3263 inhabitants
656 3216 685 3264 of
697 3216 798 3264 modern
816 3215 956 3276 Rorergua,
969 3217 994 3265 in
1008 3218 1049 3268 the

130 3268 202 3314 north
212 3270 241 3316 of
247 3271 288 3319 the
301 3273 396 3321 Roman
407 3275 535 3333 province3
554 3274 596 3320 but
608 3288 622 3319 a
632 3282 685 3332 part
697 3273 725 3321 cf
736 3274 778 3321 the
791 3274 884 3322 Ruteni
894 3274 1015 3346 belonged
1024 3285 1048 3326 to

130 3320 172 3372 tho
184 3323 280 3376 Romen
289 3331 412 3391 prosince,
424 3331 472 3381 sud
481 3330 552 3380 thess
562 3345 603 3380 are
614 3330 674 3380 ltere
682 3330 762 3381 called
769 3330 863 3382 ΕΜ
872 3333 1039 3394 prosisculsa
