2268 3786
457 318 551 362 um
568 319 598 362 ν’.
928 297 986 360 m

63 427 185 484 libertus
195 427 297 482 milites
305 436 353 508 ant
362 427 398 482 ad
410 428 567 509 Ciceronem
577 436 624 508 aet
635 427 671 482 ed
683 426 832 482 homin
840 425 984 507 Maure,

63 498 265 646 ttiltrltf
281 497 766 638 ”tietftttttttlt'rntlti
784 493 986 646 fliutnll’,

64 647 155 690 tntum
178 645 229 690 iter
250 637 385 706 perfines
407 654 470 692 snos
491 638 633 705 daturum
656 637 831 706 quodquam
851 635 987 704 iaciat,et

64 707 168 760 civitati
183 723 244 760 sess
260 707 406 776 consulere,
438 707 490 760 nod
508 707 627 762 hibernis
644 707 754 775 levetur,
768 715 795 758 et
813 705 921 758 &asari
939 719 987 776 pro

64 775 247 900 {juebmeritis
265 777 379 844 gratiam
397 724 502 830 relano.
538 777 596 832 Hac
612 775 730 830 untione
750 773 852 844 habita,
870 773 987 830 discedit

89 863 119 900 m
139 863 216 900 rornr„

99 920 143 969 28.
164 914 307 985 Arpineius
324 923 353 968 et
367 915 470 983 lunius,
485 932 555 985 qnae
572 913 711 983 audierint,
729 913 764 968 ad
782 913 886 984 legatos
900 911 986 966 deier-

64 995 121 1038 ont.
159 985 209 1054 liti,
223 985 360 1053 repentina
372 1001 400 1036 re
411 985 565 1054 perturbati,
578 986 629 1038 etsi
640 985 676 1040 ab
687 984 764 1038 hoste
776 1001 809 1037 ea
820 982 985 1052 dicebantur,

64 1071 117 1108 non
129 1065 222 1108 tamen
234 1053 393 1122 negligenda
404 1055 608 1108 existimabant:
626 1055 799 1125 maximeque
811 1054 864 1107 hec
881 1069 988 1176 [Ἔοι-

64 1124 252 1194 movebantur,
263 1121 335 1192 quod
353 1123 491 1178 civitatem
508 1123 652 1192 ignobilem
670 1134 752 1193 atque
769 1123 903 1178 humilem
939 1121 987 1176 bu·

66 1210 163 1248 tonum
180 1211 229 1246 sua
246 1201 339 1262 sponte
358 1192 455 1261 populo
467 1193 585 1248 Romano
602 1193 704 1248 bollum
722 1192 812 1246 lacera
824 1209 928 1261 annm,
941 1191 988 1246 via

65 1274 123 1318 orat
133 1261 309 1318 credendum.
333 1262 427 1332 Itaque
438 1261 473 1316 ed
484 1263 625 1318 consilium
635 1280 692 1318 rem
700 1261 823 1316 deserunt
836 1276 989 1330 magnaque

65 1333 134 1387 inter
147 1349 194 1386 eos
206 1332 308 1386 exsistit
321 1332 506 1385 controversia.
536 1333 566 1386 1..
574 1332 772 1386 Aurunculeius
782 1331 988 1410 compluresque

66 1403 166 1458 tribuni
196 1401 312 1456 rnilitum
340 1409 368 1452 et
399 1401 544 1471 primorum
571 1401 693 1456 ordinum
722 1401 892 1454 centuriones
921 1397 988 1452 urhil

65 1484 169 1528 temere
189 1471 332 1540 agendum,
350 1487 438 1541 usque
455 1488 491 1526 ex
506 1471 625 1526 hibernis
642 1470 745 1542 injussu
762 1469 884 1524 Caesaris
901 1468 987 1522 disee·

64 1543 187 1596 dandum
199 1541 402 1594 existimabant:
420 1542 577 1610 quantaevis
588 1542 709 1608 magnas¹
720 1540 803 1594 etiem
820 1538 912 1608 copias
921 1538 987 1590 Ger·

64 1629 206 1666 manorum
231 1609 355 1662 sustineri
379 1627 456 1680 posse
479 1611 589 1664 munitis
612 1609 730 1664 hibernie
751 1607 909 1675 docebant?
929 1622 989 1660 rem

64 1699 127 1736 esse
140 1680 298 1748 testimonio,
310 1679 381 1749 quod
395 1679 510 1750 primum
528 1679 646 1734 hostiurn
662 1680 801 1749 impetum,
814 1677 907 1732 multis
919 1675 990 1730 ultro

65 1751 223 1806 vulneribus
235 1747 335 1818 illatis·
345 1748 489 1804 fortissime
502 1749 689 1804 sustinuerint:
709 1765 736 1802 re
750 1747 923 1802 frumentaria
934 1762 988 1800 nen

64 1821 153 1890 premi
161 1822 179 1872 :⁴
196 1822 297 1874 interea
309 1829 336 1870 et
348 1835 382 1872 ax
394 1820 520 1889 proximis
532 1818 658 1890 hibernis,
673 1827 700 1872 st
711 1835 728 1872 a
739 1819 854 1872 Casama
871 1832 986 1870 conven-

64 1898 125 1946 tura
143 1889 275 1944 subsidia:
295 1900 435 1958 postremo,
467 1889 511 1944 nid
530 1905 591 1942 essa
609 1888 705 1944 lerius⁸
716 1897 763 1942 eut
782 1887 891 1958 turpius,
903 1902 986 1957 quarn

60 1971 172 2018 auctore
182 1961 256 2012 hoste
266 1957 300 2010 de
310 1958 459 2012 summisrc
480 1975 615 2028 uscapere
627 1957 789 2018 eonsiliuml

98 2033 143 2080 29.
170 2028 265 2082 Contra
287 2043 321 2078 ee
344 2027 463 2080 Titurius
485 2028 554 2080 sero·
576 2027 693 2082 facturos
714 2025 878 2096 clamitant,
902 2039 986 2096 quum

62 2097 182 2168 majores
199 2097 315 2150 hostium
337 2112 441 2164 manus,
461 2096 764 2168 adjunctisGermauis,
782 2095 985 2150 convenissent:

62 2178 110 2221 aut
122 2183 206 2236 quum
218 2164 320 2236 aliquid
330 2166 490 2245 calamitatis
502 2167 528 2220 in
540 2168 667 2248 prosimis
678 2167 796 2220 hibernis
808 2175 880 2219 esset
891 2181 987 2264 accep}

62 2235 424 2428 ‘plltlffifilfillssh
437 2234 987 2384 {tinnit”sinistri-‘itt

86 2375 184 2445 asgetii
204 2375 343 2428 consilinm
363 2374 446 2428 inisse
469 2384 600 2447 capturos,
622 2393 709 2446 neque
730 2375 881 2444 Eburonesr
897 2391 920 2428 ει
940 2371 985 2426 rlle

92 2532 264 2594 ¹Qucetereis
281 2550 390 2596 magnes.
421 2533 477 2582 The
490 2533 558 2582 word
627 2551 672 2582 nas
689 2533 715 2580 in
730 2531 779 2579 this
795 2532 937 2592 expression
954 2533 983 2590 is,

61 2591 178 2653 properly
195 2591 321 2661 speaking,
340 2593 508 2652 superfluous;
528 2595 571 2642 but
588 2607 725 2661 peonasUms
741 2590 769 2639 oi
783 2591 824 2638 the
840 2605 916 2660 seme·
926 2591 986 2642 kind

60 2652 131 2701 often
145 2666 253 2700 occurro
265 2651 344 2708 Latin,
358 2652 404 2700 and
421 2652 507 2702 render
523 2653 564 2700 the
582 2667 724 2712 expression
739 2651 875 2712 emphatica
895 2649 931 2700 ‘ii
942 2649 984 2702 the

61 2711 142 2760 forces
154 2710 182 2758 oi
194 2710 235 2759 the
248 2709 368 2759 Germens
380 2727 444 2760 were
455 2727 512 2760 ever
523 2727 551 2760 so
561 2711 646 2772 great!

90 2783 199 2832 ²Decere
209 2783 268 2832 hera
278 2783 322 2832 lies
333 2784 375 2832 the
386 2785 499 2845 meening
510 2784 538 2834 ol
543 2787 710 2832 denwnrtrare.

90 2855 167 2905 'The
179 2857 291 2918 meaning
302 2857 336 2906 is:
354 2857 416 2965 thaz
425 2857 475 2913 (the
488 2857 614 2914 Romane),
627 2856 731 2906 without
741 2857 814 2918 being
825 2855 984 2906 commanded

60 2920 95 2978 by
114 2917 207 2964 Cacsar
224 2919 314 2973 (ultro),
332 2915 381 2964 hed

418 2915 501 2978 ravely
516 2916 574 2966 held
594 2925 636 2966 out
653 2917 747 2978 against
764 2917 804 2966 the
822 2931 918 2976 enemy,
937 2915 984 2965 end

62 2975 188 3028 woanded·
196 2989 269 3036 meny
279 2975 307 3023 os
318 2975 394 3024 thern.

91 3049 205 3107 ‘Premir
223 3049 329 3110 namely‚
342 3067 375 3098 re.

90 3124 182 3174 'bnis
194 3123 251 3172 here
262 3123 283 3172 is
294 3122 470 3184 ‘thoughtless'
481 3137 508 3172 or
518 3122 714 3184 ‘unpnnciplen’
739 3123 795 3172 The
802 3126 861 3186 quid
870 3123 931 3174 witlr
941 3124 983 3176 the

61 3183 181 3236 infinitive
189 3183 212 3230 in
220 3180 268 3231 this
276 3181 726 3244 sentenceieonlyenemphaticmode
734 3182 762 3231 cf
768 3183 984 3244 spernentem
1075 3200 1081 3210 ·

61 3245 128 3294 osten
138 3257 222 3290 occure
232 3241 256 3289 in
264 3242 344 3297 Latin,
354 3241 400 3290 end
409 3241 429 3290 is
438 3240 575 3302 equivalent
585 3251 610 3291 tc
619 3243 680 3292 nihil
688 3259 738 3292 esre
745 3244 820 3292 lenies
827 3251 869 3292 eut
878 3246 981 3308 turpius.

90 3315 182 3371 'Soror
200 3312 252 3364 thet
263 3314 293 3371 is,
306 3324 347 3362 too
358 3314 414 3364 lato.

90 3389 249 3447 'Arbitrer-ir
263 3385 353 3450 supply
362 3392 438 3438 laeter
449 3403 476 3437 cr
486 3387 576 3436 Galles.
