2304 3792
144 281 186 342 ild
447 299 487 344 ns
507 297 604 343 samo
625 295 761 340 semron.

43 411 46 418 '
145 407 249 464 derunt.
286 407 386 463 Eorum
399 407 467 464 lines
478 407 569 464 Nervii
586 407 766 476 attingebeut3
783 421 898 477 quorum
915 406 950 462 ds
967 417 1066 464 natura
1132 415 1133 432 ²

145 477 316 548 moribusque
335 479 432 532 Caesar
450 495 514 532 cum
537 477 744 546 quaerensque
768 479 931 546 reperiebat:
955 479 1064 547 pullum
1132 491 1133 528 ῑ

144 546 247 600 aditum
259 551 329 601 esse¹
339 547 373 601 sd
387 565 433 602 eos
445 547 649 602 mercatoribus:
669 546 734 599 nihil
752 547 875 616 pativini
889 549 1064 616 reliquarum·

144 633 198 688 que
210 633 297 670 return
317 617 351 670 ad
371 617 502 672 luxuriam
521 616 708 686 pertinentium
729 616 825 684 inferri,
838 618 909 687 quod
930 619 963 670 iis
983 619 1064 672 rebus

145 685 347 756 relanguescere
358 687 461 740 animos
473 703 565 740 eorum
577 693 604 739 et
617 686 714 739 remitti
726 686 850 741 virtutem
868 687 1063 742 existimarent.
1132 741 1133 750 ,

145 755 212 810 Esse
236 755 358 810 homines
380 757 450 810 leros
472 771 641 825 magnaeque
658 755 776 808 rinutis:
801 757 957 827 increpitare
981 765 1064 827 atque

144 826 265 880 incusare
278 825 394 896 reliquos
412 825 514 896 Belgas,
528 825 574 895 qui
594 841 624 878 se
643 825 741 894 populo
760 825 877 878 Romano
896 825 1064 880 dedidissent
1132 877 1133 894 2

180 895 311 966 triamque
334 895 458 949 virtutem
482 894 670 966 pro'eciesent:
700 895 866 948 continuare¹
888 913 949 949 sese
973 913 1062 968 neque
1132 909 1133 956 t

143 912 577 1035 llgarosmtssurosnequeutsm
589 963 767 1018 conditionem
813 967 1033 1035 cisaoeepturos.

181 1039 219 1088 16.
239 1035 307 1088 Cum
345 1049 476 1089 eteorum
495 1035 564 1089 fines
579 1033 697 1087 triduum
717 1034 767 1088 iter
789 1034 1062 1104 coisset,in·veuiebat
1132 1061 1133 1110 p

143 1119 178 1158 ex
189 1105 313 1174 captivis¹
359 1104 425 1159 bint‘
436 1105 536 1158 flumen
549 1103 584 1156 ab
596 1103 690 1157 caetris
706 1103 763 1156 suis
780 1119 832 1157 non
850 1104 967 1174 amplius
982 1105 1062 1158 milia
1132 1119 1133 1126 ¹

142 1190 269 1244 passuum
282 1193 309 1229 x.
318 1174 427 1229 abesse:
441 1183 513 1228 trans
524 1172 550 1225 id
563 1173 663 1226 flumen
675 1189 769 1227 ornnes
780 1168 894 1226 Nervios
904 1175 1060 1228 consedisse

141 1243 342 1316 adventumque
351 1245 387 1300 ibi
395 1245 573 1298 Romanorum
585 1252 740 1314 exspectare
753 1259 877 1296 unacum
886 1243 1060 1298 Atrebatibus

141 1321 169 1368 et
180 1313 383 1384 veromanduiq
393 1313 514 1370 finitimis
526 1314 581 1366 suis
590 1314 666 1384 (nam
679 1313 721 1366 bie
732 1311 850 1381 utrisque
863 1325 1057 1383 persuaserant,

142 1383 180 1436 uti
192 1385 308 1438 eandem
320 1383 385 1440 belli
397 1383 529 1438 fortunam
541 1382 733 1453 experirentur)
739 1396 747 1434 ¹:
767 1383 914 1451 exspectari
928 1384 1012 1436 etiarn
1025 1386 1058 1440 ab
1132 1381 1133 1452 l

140 1452 184 1507 his
195 1451 396 1508 Aduatuoorurn
408 1455 498 1526 copias
509 1462 589 1522 atque
608 1468 668 1505 esse
686 1453 711 1504 in
731 1451 839 1505 itinere:
860 1451 991 1504 mulieres
1002 1455 1057 1522 qui·
1132 1459 1133 1520 l

140 1537 193 1594 que
204 1540 252 1594 per
263 1533 380 1579 aetatem
392 1524 426 1578 ad
438 1541 555 1594 pugnarn
568 1521 675 1576 inutiles
684 1520 842 1591 viderentur,
853 1522 879 1574 in
892 1537 956 1574 eum
969 1522 1057 1576 looum
1132 1553 1133 1568 r

139 1592 306 1665 conjecisse‚⁶
317 1611 368 1664 quo
380 1605 485 1664 propter
495 1591 609 1674 paludes
620 1591 746 1644 exercitui
757 1589 845 1644 aditus
856 1603 909 1643 non
919 1601 1003 1644 esset.

177 1669 216 1716 17.
235 1664 284 1717 His
307 1663 386 1718 rebus
405 1663 516 1732 cognitis
539 1661 716 1732 exploratores
738 1661 959 1730 centurionesque
983 1677 1055 1731 prae·

54 1769 56 1776 ·
138 1733 227 1802 mittit,
259 1733 285 1785 ui
298 1733 386 1786 locum
398 1731 524 1785 idoneum
541 1731 636 1784 castris
653 1729 780 1799 deligant.
817 1731 938 1800 Cumque
958 1747 993 1783 ex
1010 1731 1055 1784 de·

138 1801 235 1856 ditioiis
274 1801 340 1872 elgis
358 1801 519 1872 reliquisque
537 1800 621 1854 Gallis
641 1799 791 1869 complures
808 1800 953 1853 (laesarem
970 1800 1054 1854 suomi

137 1887 191 1924 nna
204 1871 253 1924 iter
264 1864 382 1924 facelent
404 1871 514 1940 quidam
531 1887 566 1924 ex
584 1869 632 1940 liis,
644 1877 673 1922 nt
685 1877 778 1940 postea
789 1887 823 1922 ex
834 1869 949 1939 captivis
967 1872 1055 1938 cogni·

137 1949 195 1994 tum
207 1947 255 2010 eet,
269 1955 360 1993 eorum
371 1909 475 1994 dierum
493 1939 683 1994 consuetudine
702 1939 804 1992 itineris
821 1941 902 1992 nostri
921 1941 1054 1994 exercitus

136 2019 284 2080 perspecta,
296 2017 374 2062 nocte
393 2009 426 2062 ad
448 2009 560 2063 Nervios
571 2017 749 2078 pervenerunt
766 2018 847 2078 atque
867 2008 910 2062 hie
929 2007 1052 2062 demons-

137 2087 236 2132 trarunt
259 2079 327 2132 inter
350 2079 372 2132 si
393 2078 468 2132 endas
490 2078 609 2148 legiones
639 2078 899 2148 impedimentorum⁸
921 2095 1053 2147 magnum

135 2150 385 2203 nnmemminterce
405 2165 457 2218 ere,
465 2165 552 2220 neque
562 2165 622 2202 esse
631 2149 774 2218 quicquam
782 2148 887 2216 negotii,
895 2163 960 2200 oum
968 2149 1052 2218 prima

134 2217 205 2288 legio
222 2219 250 2272 in
267 2220 362 2272 castra*
379 2219 504 2286 venisset,
524 2218 693 2298 reliquaeque
712 2216 830 2285 legiones
847 2233 977 2286 magnum
994 2233 1051 2287 spa·

134 2288 201 2342 tium
219 2287 352 2358 abessent,
366 2289 436 2342 hano
453 2288 503 2342 sub
522 2288 632 2341 sarcinis
647 2286 760 2340 adoriri:
780 2301 833 2355 qua
850 2287 927 2355 pulsa
939 2287 1050 2358 impedi·

133 2358 218 2412 menti
251 2375 285 2412 ue
314 2357 424 2430 direptis
447 2357 571 2426 futurum,
595 2366 624 2410 nt
648 2355 765 2426 reliquae
793 2364 883 2409 contra
907 2357 1050 2410 consistere

132 2443 186 2482 non
203 2445 220 2481 a
258 2437 340 2482 erent.
375 2427 528 2498 Adjurabat
548 2426 630 2480 etism
648 2441 741 2479 eorum
759 2425 907 2495 eonsilium,
927 2425 973 2496 qni
993 2441 1050 2478 rem

1004 2533 1049 2543 ..n-

161 2583 169 2611 ¹
179 2580 245 2632 That
257 2582 286 2640 is,
298 2599 348 2632 nort
358 2583 427 2634 licere
436 2584 503 2633 adira
512 2583 544 2632 od
554 2597 593 2631 ens
604 2581 775 2630 aenatoribus.
829 2555 830 2558 Ἴ

160 2657 170 2686 ¹
180 2653 296 2717 Namely.
308 2673 359 2714 sorr
377 2655 414 2706 lor
422 2674 475 2706 sese
485 2655 586 2718 belongs
596 2665 622 2704 to
631 2655 746 2703 masuras
762 2651 809 2702 and
819 2662 960 2716 accepturos.

160 2729 216 2778 ’As
227 2745 259 2778 no
269 2728 345 2778 battle
355 2727 404 2779 had
414 2731 477 2778 been
487 2728 581 2791 fought,
594 2729 664 2777 these
674 2727 763 2790 captiui
772 2725 889 2795 probably
896 2739 963 2776 were
974 2741 1046 2778 conn-

131 2798 170 2850 try
180 2789 265 2849 people
277 2789 359 2838 whom
369 2789 463 2838 Caesar
473 2789 521 2838 had
531 2789 605 2837 taken
616 2788 737 2848 prisonem
747 2801 779 2835 on
790 2786 828 2834 lns
839 2785 929 2834 march.

101 2925 103 2930 Ι
131 2861 233 2970 Melle?
253 2863 317 2911 rirar
334 2861 404 2912 Sabis
424 2861 446 2910 is
467 2861 509 2910 the
529 2861 637 2910 modern
650 2860 760 2918 Summe,
782 2875 798 2908 a
817 2859 936 2920 tributary
957 2859 986 2909 os
1006 2861 1047 2914 tlte

159 2983 244 3045 iTha't
256 2996 285 3052 is,
298 2995 357 3056 they
368 2993 416 3044 had
426 2993 527 3054 quietly
537 3009 564 3042 or
574 2993 697 3055 hurriedly
708 2993 783 3045 taken
793 3007 820 3042 or
830 3002 885 3042 sent
895 2993 972 3042 them.

160 3068 342 3138 'Inpedimenta
352 3067 527 3136 comprehende
542 3067 668 3136 everytbin
694 3067 748 3136 that
760 3081 791 3115 an
801 3082 870 3127 army
880 3066 901 3115 ie
913 3067 1010 3129 obliged
1020 3077 1045 3116 to

130 3128 297 3242 nulli
305 3141 405 3258 itit,
412 3125 468 3232 ‘lit
483 3135 806 3252 “iniustitiis
817 3125 1045 3245 tibitilttti‘ff

130 3239 280 3347 zbignqben
297 3244 355 3292 thus
372 3243 542 3300 sucumbered,
560 3258 600 3291 are
617 3243 669 3291 sard
685 3253 711 3290 to
729 3245 760 3292 be
776 3245 881 3306 inpediti
896 3259 923 3292 or
938 3263 989 3294 esee
1003 3247 1045 3294 snb

61 3367 70 3380 ”
159 3367 244 3419 'That
254 3373 283 3432 is,
297 3383 324 3422 to
333 3373 375 3424 tire
386 3371 456 3434 place
466 3372 549 3424 where
560 3373 602 3423 the
613 3389 683 3434 camp
694 3389 746 3424 was
756 3384 781 3425 to
791 3376 823 3425 be
833 3375 940 3438 pitched.
