2296 3796
142 309 183 370 92
445 327 486 370 or
507 327 605 370 scano
623 323 760 394 eunuco.

143 434 258 490 tamdiu
271 451 300 488 se
312 435 422 506 impune
441 436 550 508 injurias
567 435 660 491 tulisse
677 434 877 504 admirarentur,
889 433 989 490 eodem
1000 451 1063 506 per·

142 505 246 558 tinere.l
263 506 492 560 Consuesseenim
500 507 565 560 deos
573 505 744 575 immortales,
752 505 927 575 quo'gravins
935 505 1063 558 homines

142 589 176 628 ex
185 576 393 630 commutatione
403 593 490 630 rerum
500 576 614 644 doleant,
624 592 745 645 quospro
754 575 954 628 scelerosorum
964 573 1062 628 ulcisci

141 643 233 714 velint,
244 645 286 698 his
298 645 469 699 secundiores
481 646 613 700 interdurn
626 663 668 698 res
680 655 708 698 et
716 644 906 698 diuturniorem
916 643 1061 723 impunita·-

141 721 195 767 tem
206 714 361 768 concedere.
397 715 474 768 Cum'
487 733 520 768 ea
533 716 569 768 ita
581 715 641 782 sint,
653 724 750 784 tamen,
760 715 783 766 si
794 714 900 768 obsides
911 713 946 767 ab
958 715 993 766 ris
1004 713 1060 768 sibi

140 783 243 854 dentur,
263 785 301 837 uti
326 801 365 852 ea,
384 801 453 853 quas
477 785 658 856 polliceantur,
677 783 794 837 facturos
817 783 962 853 intellegat,
982 791 1009 836 et
1035 783 1060 836 si

141 853 243 906 Aeduis
255 853 289 908 de
302 853 411 924 injuriis,
425 871 492 923 quas
505 856 569 924 ipsis
586 855 717 923 sociisque
730 870 822 908 eorum
835 853 977 920 intulerint,
990 853 1059 908 item

141 922 162 974 si
175 923 361 992 Allobrogibus
373 923 544 992 satisfaciant,
555 941 686 976 sesecum
695 924 728 976 iis
739 940 834 992 pacem
844 940 903 976 essa
912 921 1057 976 facturum.

140 992 233 1046 Divico
257 993 406 1062 respondit:
427 994 463 1046 ita
482 993 619 1046 Helvetios
638 1011 655 1046 a
674 992 820 1062 majoribus
843 992 898 1045 suis
921 992 1059 1046 institutos

140 1077 207 1132 esse,
219 1065 256 1115 uti
269 1063 376 1116 obsides
387 1067 518 1133 accipere,
529 1079 580 1116 non
589 1061 661 1132 dare,
672 1063 837 1116 consuerint:
851 1061 910 1130 ejus
922 1061 960 1114 rei
973 1077 1057 1134 popu-

139 1127 196 1184 lum
208 1133 357 1186 Romanum
370 1149 430 1185 esse
443 1143 549 1188 testem.
586 1133 643 1186 Hoc
656 1148 779 1201 responso
791 1131 852 1184 dato
864 1130 996 1184 discessit,

177 1205 215 1253 15.
235 1202 342 1254 Postero
365 1201 409 1254 die
433 1211 520 1256 castra
543 1217 577 1254 ex
600 1219 632 1254 eo
656 1201 714 1254 loco
737 1211 854 1254 movent.
889 1199 965 1254 Idem
991 1199 1057 1254 lacit

139 1269 237 1324 Caesar
248 1272 452 1342 equitatumque
464 1289 580 1341 omnem,
597 1271 632 1324 ad
650 1287 793 1324 numerum
809 1279 921 1340 quatuor
939 1269 1055 1340 milium,

138 1355 219 1408 quem
232 1357 266 1393 ex
278 1342 349 1394 omni
362 1341 495 1411 provincia
513 1353 539 1394 et
551 1341 654 1394 Aeduis
671 1349 752 1410 atque
771 1356 862 1393 eorum
881 1338 960 1392 sociis
977 1354 1055 1396 coac·

137 1415 195 1462 tum
208 1410 332 1478 habebat,
341 1412 493 1482 praemittit,
503 1413 549 1480 qui
560 1410 673 1478 videant,
682 1427 750 1478 quas
761 1410 788 1463 in
801 1419 889 1479 partes
901 1408 992 1462 hostes
1004 1409 1056 1462 iter

137 1476 244 1532 sacient.
280 1479 332 1538 Qui
345 1480 468 1550 cupidius
480 1480 655 1534 novissimum
666 1497 765 1548 agmen
774 1479 887 1536 insecuti
899 1478 986 1533 alieno
994 1477 1055 1532 loco

136 1563 198 1602 cum
212 1549 332 1620 equitatu
346 1550 527 1604 Helvetiorum
538 1549 668 1620 proelium
681 1547 867 1616 comminuam
879 1549 915 1600 οἱ*
927 1547 1005 1618 pauci
1017 1547 1054 1602 de

135 1619 231 1672 nostris
243 1619 350 1672 cadunt.
386 1620 444 1679 Quo
457 1621 556 1689 proelio
569 1619 665 1672 sublati
677 1619 801 1688 Helvetii,
815 1618 886 1687 quod
898 1618 962 1687 quin
999 1618 1054 1670 ntis

135 1689 270 1757 equitibus
282 1697 385 1742 tantam
398 1689 595 1742 multitudinem
606 1689 726 1757 equitum
737 1689 912 1758 propulerant,
922 1705 957 1739 au
995 1687 1054 1740 cius

135 1757 286 1826 subsistere,
301 1775 489 1827 nonnunquam
508 1767 535 1811 et
552 1759 696 1811 novissimo
714 1760 820 1826 agmine
840 1757 937 1827 proelio
950 1764 1054 1810 nostros

134 1823 267 1879 lacessere
277 1835 429 1896 coeperunt.
466 1829 563 1880 Caesar
572 1845 633 1881 suos
645 1845 661 1878 a
670 1827 767 1896 proelio
777 1826 929 1882 continebat
941 1843 974 1878 ac
986 1826 1054 1879 sutis

134 1895 250 1949 habebat
263 1898 290 1948 in
303 1897 452 1964 praesentia
470 1900 576 1950 hostem
596 1897 698 1967 rapinis,
713 1897 927 1965 pabulationibus
942 1895 1053 1966 popula·

134 1965 301 2035 tionibqsque
312 1966 458 2034 prohibere.
478 1967 517 2020 lta
525 1967 694 2020 diescirciret·
702 1967 853 2034 quindecim
864 1965 1051 2034 iterfecerunt,

133 2034 172 2086 uti
184 2033 251 2086 inter
264 2035 438 2089 novissimum
451 2036 565 2090 hostium
578 2053 676 2104 agmen
689 2045 715 2088 et
729 2045 847 2089 nostrum
866 2037 984 2105 primum
998 2049 1052 2088 non

133 2103 249 2172 amplius
261 2104 350 2172 quinis
361 2115 407 2158 aut
421 2107 491 2158 senis
504 2105 613 2160 milibus
625 2121 754 2175 passuum
766 2106 916 2158 interesset.

170 2177 208 2224 16.
228 2172 338 2227 Interim
356 2175 474 2244 quotidie
493 2177 590 2228 Caesar
607 2174 717 2228 Aeduos
734 2174 906 2243 frumentum,
920 2173 991 2244 quod
1009 2190 1052 2226 es-

132 2250 191 2294 sent
209 2241 316 2311 publice
333 2245 451 2316 polliciti,
465 2245 605 2313 flagitare.⁸
639 2245 710 2297 Nam
729 2257 834 2314 propter
852 2244 968 2312 frigora,⁸
979 2243 1052 2313 quod

132 2304 217 2364 Gallia
231 2311 282 2365 sub
294 2315 535 2384 septemtrionibus,
546 2322 573 2367 ut
586 2321 648 2366 ante
661 2313 763 2366 dictum
776 2323 824 2384 est,
838 2315 923 2385 posita
935 2321 985 2382 est,
998 2328 1052 2366 non

131 2380 210 2434 modo
227 2380 361 2435 frumenta
379 2385 404 2436 in
423 2384 492 2452 agris
505 2393 610 2437 matura
621 2391 768 2452 nouerant,
782 2384 829 2435 sed
844 2401 877 2435 ne
890 2382 981 2452 pabuli
993 2383 1052 2452 qui-

130 2449 194 2504 dem
207 2451 271 2505 satis
281 2470 379 2522 magna
391 2455 467 2526 copia
479 2452 654 2524 subpetebat:
674 2469 707 2504 eo
719 2461 811 2506 autem
823 2451 965 2523 frumento,
979 2451 1052 2522 quod

159 2641 167 2668 ¹
177 2641 256 2688 Arose
268 2640 328 2690 from
341 2643 381 2689 the
393 2657 459 2690 same
470 2637 680 2699 causo-namely‚
691 2637 753 2686 from
763 2638 805 2686 the
816 2653 871 2699 way
882 2639 907 2687 in
917 2639 999 2688 which
1009 2639 1053 2689 the

129 2699 190 2760 gods
201 2699 336 2749 conducted
347 2701 388 2750 the
399 2700 480 2748 affairs
490 2699 519 2746 of
530 2714 594 2747 rnen.

158 2789 167 2816 ²
177 2786 249 2834 Alter
259 2803 304 2847 quo
320 2787 387 2836 there
403 2786 491 2835 should
506 2784 589 2834 follow
599 2803 624 2834 eo
634 2787 792 2843 exaudiens,
805 2787 848 2834 but
864 2785 906 2834 the
917 2805 942 2835 eo
953 2787 974 2836 is
985 2787 1054 2838 osten

129 2845 231 2894 omitted
242 2847 274 2906 by
287 2846 327 2894 the
339 2849 393 2894 best
405 2847 507 2894 writers.

158 2917 242 2967 a'I'hut
255 2920 284 2975 is,
301 2919 447 2980 ‘although’
544 2941 547 2947 ·

156 2989 166 3025 ⁸
178 2993 211 3042 Et
223 2994 280 3042 here
292 2992 400 3054 signifies
414 2992 475 3040 ‘ond
486 2992 574 3049 there‚’
587 2992 629 3040 the
640 3003 661 3040 et
673 2993 745 3054 being
755 2993 836 3041 rather
847 2995 976 3054 emphatic.

159 3070 168 3097 ⁵
241 3069 309 3122 iture,
320 3066 458 3125 commonly
467 3065 544 3114 called
556 3065 597 3114 the
608 3065 731 3114 historical
742 3065 858 3116 infinitive
867 3067 1050 3132 forjlogitobon

130 3129 173 3178 but
185 3128 203 3176 it
214 3145 226 3175 s
245 3126 301 3175 ould
312 3127 342 3173 be
354 3125 431 3173 called
442 3141 457 3172 a
466 3125 605 3188 descriptioe
615 3127 741 3187 infinitivo.

159 3213 270 3262 ‘Caesar
285 3213 341 3261 here
358 3211 447 3271 speaks
463 3211 491 3262 os
502 3212 543 3260 the
559 3223 627 3273 greot
644 3213 698 3261 cold
715 3214 739 3260 in
757 3213 829 3270 Gaul,
841 3213 935 3276 though
951 3217 968 3266 it
985 3231 1054 3270 must

131 3273 192 3321 have
210 3274 272 3319 been
288 3271 329 3318 the
345 3271 429 3318 month
445 3271 473 3320 ol
490 3271 504 3320 J
508 3271 564 3331 uly;
587 3275 630 3320 but
648 3286 684 3318 we
704 3283 769 3320 must
786 3277 923 3323 remember
938 3277 991 3326 that
1011 3279 1053 3329 the

131 3329 244 3378 calendar
253 3339 277 3378 at
289 3329 341 3377 thot
352 3330 410 3376 time
422 3345 473 3380 was
484 3331 509 3380 in
519 3331 580 3380 such
591 3330 725 3388 confusion,
739 3331 790 3380 that
802 3331 844 3380 the
855 3335 941 3384 mouth
951 3338 980 3386 os
987 3337 1053 3390 June

132 3388 258 3438 answered
269 3399 294 3438 to
304 3403 349 3436 our
359 3387 439 3448 April.
