2268 3786
466 307 557 350 rusus
576 303 616 352 rr.
946 287 1003 350 1⁰8

34 463 37 470 .
70 415 181 472 diebus
208 417 315 472 omnino
336 416 435 472 decem
457 426 485 472 et
507 426 566 472 octo
590 427 663 472 trans
684 417 808 474 Rhenum
837 418 1003 490 consumptis

70 488 144 540 ntis
165 497 193 540 et
210 487 245 541 ad
262 488 372 541 laudem
389 497 417 540 et
434 489 468 540 ad
487 488 630 543 utilitatem
648 487 805 559 prolectum¹
816 489 958 543 arbitratus
973 505 1003 542 se

70 556 100 610 in
113 557 240 611 Galliam
252 557 353 628 recepit
365 566 526 640 pontemque
540 559 655 611 rescidit.

108 631 160 680 20.
180 628 285 696 Exigua
337 636 376 681 rte
393 637 504 680 aestatis
521 628 623 698 reliqua
640 627 745 698 Caesar,
758 628 807 681 etsi
826 629 852 682 in
871 628 913 682 hie
930 627 1004 694 locis,

69 697 152 766 quod
165 699 253 750 omnis
260 643 352 750 Gallula
362 697 397 750 ad
410 699 614 768 septemtriones
626 698 717 767 satyr,
730 707 850 752 maturae
868 706 929 751 sunt
948 697 1002 752 his·

69 780 148 836 mes,
164 775 256 820 tamen
268 767 295 821 in
306 767 468 822 Britanniam
487 767 616 838 proficisci
633 767 779 835 contendit,
790 767 861 847 quod
879 766 1003 821 omnibus

69 833 135 888 fere
149 836 262 889 Gallicis
272 835 350 890 hellis
361 836 483 891 hostibus
498 838 595 891 nostris
612 837 674 890 inde
693 837 894 892 subministrata
904 837 1003 891 auxilia

70 904 268 975 intelligebat,¹
278 915 305 958 et
318 906 339 960 si
352 915 459 978 tempus
470 907 532 960 anni
545 908 578 961 ad
592 906 694 960 bellurn
705 907 851 976 gerendum
865 905 1001 976 deficeret,

69 982 173 1029 tamen
194 991 292 1044 magno
312 975 364 1030 sibi
383 977 445 1030 neni
463 975 519 1028 fore
542 976 719 1030 arbitrabatur
748 977 869 1030 simodo
887 976 1001 1030 insulam

69 1044 183 1098 adisset
201 1055 228 1098 et
244 1063 331 1114 genus
348 1044 488 1121 horninupr
505 1047 693 1117 perspexisset,
712 1015 778 1117 loca,
797 1055 894 1117 portus,
913 1046 1003 1098 aditus

70 1115 265 1184 cognovisse15
283 1131 352 1185 qnae
364 1117 455 1169 omnia
467 1115 523 1169 lere
534 1115 618 1169 Gallis
636 1125 710 1170 erant
728 1116 869 1184 incognita.
905 1117 1003 1185 Neque

71 1185 154 1239 enim
174 1187 288 1238 temere⁸
304 1194 410 1255 praeter
426 1194 588 1239 mercatores
605 1185 659 1238 illo⁴
674 1185 731 1239 adit
748 1187 900 1256 quisquam,
914 1201 1002 1255 neque

71 1252 122 1308 his
144 1254 211 1324 ipsis
230 1251 375 1325 quicquam
395 1265 500 1325 praeter
519 1271 593 1308 oraru
613 1255 777 1308 maritimam
796 1266 878 1324 atque
897 1272 944 1308 eas
963 1271 1003 1308 re·

71 1324 183 1394 mones,
196 1341 267 1394 quae
286 1332 347 1378 sunt
364 1331 456 1378 contra
472 1325 580 1394 Gallias,
600 1335 692 1378 notum
711 1339 761 1378 est.
797 1325 890 1394 ltaque
902 1324 1003 1378 vocatis

72 1393 112 1446 ad
127 1410 159 1446 se
173 1394 290 1464 undique
302 1394 493 1448 mercatoribus
511 1411 598 1464 neque
610 1403 710 1464 quanta
722 1401 793 1446 esset
812 1393 916 1448 insulae
928 1410 1003 1464 mag·
1022 1406 1026 1412 ·

71 1463 182 1534 nitudo,
201 1480 290 1534 neque
326 1479 378 1517 uae
395 1474 442 1517 aut
459 1473 574 1534 quantae
600 1465 720 1518 nationes
742 1462 894 1533 incolerent,
914 1479 1002 1533 neque

71 1537 162 1603 qhem
182 1550 261 1588 usum
280 1479 355 1587 belli·
372 1533 501 1588 haberent
519 1542 565 1587 aut
582 1534 681 1604 quibus
705 1533 832 1586 institutis
857 1540 1001 1612 uterentur²

72 1618 170 1672 neque
188 1604 234 1673 qui
252 1613 343 1657 essent
360 1602 395 1656 ad
413 1602 545 1674 majorum
562 1604 682 1658 narium·
692 1601 894 1656 multitudinem
913 1602 1002 1656 idoner

72 1681 180 1743 portus,
193 1673 308 1744 reperire
320 1681 431 1744 poterat.

114 1747 159 1796 21.
180 1741 222 1796 Ad
241 1743 310 1796 haec
334 1742 526 1814 cognoscenda,
545 1742 699 1814 priusquam
725 1741 873 1812 periculum
892 1739 1001 1809 laceret,

72 1811 209 1866 idoneum
227 1829 288 1866 esse
305 1812 448 1866 arbitratus
465 1812 559 1866 Caium
572 1813 746 1867 Volusenum'
763 1828 826 1866 cum
844 1811 906 1865 navi
925 1811 1002 1880 longa

71 1883 235 1954 praemittit.
273 1883 341 1936 Huic
360 1882 478 1952 mandat,
497 1883 537 1936 uti
560 1882 703 1952 exploratis
725 1882 849 1935 omnibus
868 1881 948 1936 rebus
967 1880 1002 1934 ad

73 1967 107 2006 se
126 1951 344 2022 quamprimum
362 1961 516 2004 revertatur.
553 1951 614 2022 lpse
638 1969 701 2006 cunr
726 1951 851 2006 omnibus
876 1968 907 2004 co
927 1951 958 2006 iis
976 1951 1003 2004 in

74 2021 202 2076 Morinos
218 2023 401 2101 proficiscitur,
420 2021 491 2091 quod
510 2021 572 2076 inde
590 2033 647 2074 erat
665 2021 838 2076 brevissimus
857 2021 883 2074 in
902 1969 1002 2076 §ritan-

73 2093 153 2146 niam
173 2099 309 2160 traJectus.
345 2092 405 2146 Huc
425 2108 508 2144 naves
527 2091 646 2162 undique
662 2109 698 2146 ex
712 2092 833 2147 finitimis
853 2089 1003 2159 regionibus

73 2169 105 2214 et
124 2177 209 2232 quam
227 2162 362 2232 superiore
379 2170 483 2214 aestate
505 2161 539 2214 ad
558 2161 718 2216 Veneticum
740 2161 843 2216 bellum
867 2159 1003 2214 effecerat·

74 2231 197 2285 classem
223 2230 299 2300 jubet
317 2231 467 2297 convenire.
503 2231 612 2284 Interim
636 2231 744 2284 consilio
771 2231 830 2302 ejus
853 2232 957 2300 cognito
975 2239 1002 2282 et

75 2317 127 2372 per
146 2311 309 2354 mercatores
327 2300 427 2370 perlato
446 2299 481 2353 ad
500 2299 639 2354 Britannos
658 2317 674 2352 a
693 2301 874 2370 compluribus
898 2299 1002 2354 insulae

75 2369 238 2424 civitatibus
256 2370 290 2423 ad
311 2387 374 2424 eum
398 2369 479 2439 legati
499 2371 617 2440 veniunt,
638 2370 683 2440 qui
703 2369 876 2439 polliceantur
895 2369 1003 2424 obsides

108 2553 374 2662 ¹‘Proficeresiignifies
390 2557 429 2602 ‘to
439 2534 542 2616 gainan
557 2552 710 2616 advantege‚’
726 2556 764 2600 ‘to
781 2550 852 2600 make
869 2554 1000 2613 progress,’

76 2628 105 2664 or
134 2625 160 2663 to
171 2630 258 2662 succes
277 2651 282 2661 .

107 2688 176 2736 'See
188 2689 212 2736 ii.
223 2691 247 2746 4,
262 2691 298 2745 14,
311 2687 344 2738 iii.
356 2691 380 2744 8,
393 2690 416 2737 9.

107 2760 195 2810 ”thar
207 2762 237 2816 is,
249 2778 325 2823 neque
335 2763 397 2810 euim
405 2763 489 2824 focile.

108 2835 195 2882 ‘'l'hat
207 2835 237 2891 is,
250 2835 276 2882 r'rr
287 2829 451 2890 Britanniam,
463 2849 491 2882 or
501 2837 533 2882 orl
544 2835 606 2882 illae.

85 2949 87 2956 ,
108 2911 118 2938 ⁵
132 2907 197 2957 Usus
208 2909 263 2956 tetri
273 2908 294 2956 is
307 2907 426 2978 ‘practice
438 2907 462 2954 in
473 2907 543 2963 war‚’
556 2907 602 2956 and
614 2906 654 2956 the
666 2907 780 2968 meaning
790 2905 818 2954 oi
830 2905 872 2954 the
883 2905 966 2954 clause
982 2904 1003 2952 is

78 2967 122 3016 the
134 2983 202 3016 sarna
213 2983 240 3016 as
251 2967 280 3016 ol
286 2971 344 3028 qual
355 2968 381 3014 in
391 2969 449 3014 bello
457 2976 563 3029 possem,
577 2967 602 3016 in
613 2967 637 3016 ii.
648 2971 671 3015 l.

38 3047 42 3056 ’
85 3079 87 3084 ·
108 3053 234 3117 αΜιιριητε
250 3071 323 3123 nocer
333 3053 392 3102 here
403 3053 535 3122 comprises
546 3053 605 3102 both
617 3053 682 3120 large
693 3053 800 3122 shipsos
807 3069 858 3100 wnr
867 3051 913 3100 und
925 3062 1002 3098 trans·

79 3125 170 3224 ffie'd
180 3113 411 3222 {illinistffiselussma
421 3113 581 3221 martes-clear
592 3113 644 3162 that
656 3113 696 3162 the
709 3113 788 3162 Gallio
798 3111 936 3160 merchants
947 3109 1003 3158 who

108 3247 254 3296 'secato

109 3321 119 3351 ⁸
129 3319 184 3368 The
196 3319 333 3380 compound
342 3319 455 3388 elices-eis
466 3318 604 3388 frequently
612 3320 672 3387 used
681 3319 714 3386 by
722 3317 814 3366 Caesar
822 3317 917 3366 instead
926 3318 954 3368 os
961 3317 1000 3368 the

82 3379 169 3442 simple
180 3382 239 3428 verb
247 3381 338 3442 sarcre.
371 3379 418 3427 See
429 3393 445 3426 r.
456 3381 495 3432 36,
508 3392 540 3426 rr.
553 3381 590 3432 ts,
602 3393 635 3426 vr.
646 3381 670 3435 9,
682 3391 723 3425 vn.
735 3379 772 3424 35.
