2304 3792
483 293 575 337 creua
593 291 626 334 ιι.
969 271 1010 334 et

82 399 263 471 deferebant,
279 401 351 471 quod
367 401 459 456 Nervii
477 401 629 472 antiquitus,
647 415 711 456 oum
728 399 848 470 equitatu
865 397 933 454 nibil
949 415 1010 472 pos·

82 480 152 524 sent
166 471 354 540 (nequeenim
368 471 402 524 ad
415 471 465 524 hoc
477 480 584 541 tempus
595 471 620 524 ei
634 469 670 522 rei
682 469 797 539 student,
817 469 865 524 scd
882 467 1010 550 quicquid

81 549 213 610 possunt,
234 540 401 610 pedestribus
418 540 507 594 valent
530 541 626 610 copiis)
637 556 694 610 ,quo
714 539 820 593 facilius
837 540 1010 594 finitrmorum

81 611 244 679 equitatum
268 610 290 662 si
321 609 446 664 raedandi
464 627 546 664 causa
562 607 596 662 ad
615 626 662 663 eos
677 610 820 679 venissent,
840 607 1009 689 impedirent,

82 680 195 732 teneris
212 627 349 734 arbonius
366 679 456 734 incisis
472 690 499 732 at
520 696 553 732 ue
565 679 678 748 inflexis,
691 677 791 732 crebris
803 680 829 732 in
841 678 1010 733 latrtudinem

82 753 176 802 ramis
194 750 281 802 enatis
298 757 325 802 et
344 749 416 804 rubis
439 750 507 804 senti
528 765 613 819 usque
635 747 788 820 interjectis,
807 748 960 818 effecerant,
979 757 1010 802 ut

82 817 175 872 instar
188 821 258 872 muri
268 817 320 872 hae
330 835 410 888 sepes
422 820 618 873 munimentum
626 817 790 890 praeberent,
819 835 852 871 uo
861 817 1009 872 nonruodc¹

82 887 190 957 intrari,
205 888 254 942 sed
272 905 306 941 ne
324 889 436 958 perspici
455 887 564 958 quidem
582 896 679 958 posset.
716 887 764 941 His
781 904 808 943 re
830 904 940 942 usuum
958 888 1010 941 iter

81 957 210 1026 agminis
233 959 315 1018 nostri
337 958 517 1028 impediretur,
535 974 588 1012 non
605 955 781 1012 omittendum
800 957 852 1014 sibi
868 957 1009 1012 consilium

83 1027 186 1080 Nervii
199 1027 428 1082 existimaverunt.

127 1101 171 1150 18.
190 1097 253 1150 leci
268 1105 360 1150 natura
371 1107 428 1150 erat
440 1095 516 1166 baec,
529 1113 610 1166 quem
623 1097 713 1154 locum
730 1097 810 1150 nostri
828 1096 923 1150 castris
935 1094 1009 1150 dele·

81 1175 186 1236 gerant
195 1184 201 1220 :
210 1165 291 1220 collis
302 1167 337 1220 ab
349 1167 464 1220 summo¹
475 1166 623 1235 aequaliter
631 1167 745 1220 declivis
755 1167 789 1220 ad
800 1167 899 1222 flumen
909 1165 1008 1235 Sabim,
1081 1207 1083 1215 s

83 1235 162 1304 quod
176 1253 258 1306 supra
269 1236 472 1306 nominavimus
486 1236 621 1305 vergebat.
657 1236 744 1290 Abeo
757 1236 868 1292 flumine
885 1237 942 1307 pari
960 1235 1009 1290 ad·

83 1305 211 1360 olivitate
224 1305 301 1360 collis
312 1305 478 1376 nascebatur,
490 1305 620 1360 adversus
634 1305 698 1362 huic
709 1314 736 1359 et
748 1307 900 1373 contrarius,
912 1322 1009 1377 pessus

83 1375 197 1428 circiter
208 1375 356 1445 ducentos,⁸
366 1375 475 1428 infimus
491 1386 607 1444 apertus,
619 1375 656 1430 ab
671 1375 804 1445 superiore
822 1385 896 1446 parte
914 1374 1008 1430 silves·
1107 1383 1110 1390 '

85 1446 145 1514 tris,
159 1453 252 1500 utnon
266 1445 347 1498 facile
365 1443 491 1500 introrsus
508 1445 739 1524 perspiciposset.
774 1443 846 1497 lntra
863 1461 910 1498 eas
927 1444 1009 1500 silvas

83 1513 182 1568 hostes
195 1516 220 1569 in
232 1514 338 1568 occulto
350 1531 410 1568 sese
422 1514 607 1568 continebant:
627 1531 654 1566 m
671 1520 763 1582 aperto
781 1512 839 1566 loco
857 1513 1008 1569 seeundum

83 1585 193 1638 flumen
205 1601 308 1654 paucae
327 1584 453 1638 stationes
471 1584 591 1654 equitum
603 1581 771 1636 ridebantur.
807 1582 939 1636 Fluminis
951 1592 1008 1636 erat

82 1653 202 1708 altitudo
214 1654 314 1724 pedum
328 1653 429 1708 circiter
441 1654 529 1708 trium.

126 1729 169 1777 19.Ὶ
178 1724 275 1778 Caesar
283 1724 402 1793 equitatu
411 1724 557 1794 praemisso
565 1719 1011 1845 subseqprpbaturomnibusoopiis·

84 1793 138 1846 scd
156 1795 224 1847 ratio
241 1793 358 1862 ordoque
381 1794 497 1862 agminis
519 1792 596 1846 aliter
614 1809 644 1845 se
699 1791 778 1846 bebat
801 1809 833 1845 ao
851 1791 950 1860 Belgae
970 1808 987 1844 a

82 1865 111 1916 N
112 1863 374 1918 erviosdetulerant.
393 1864 463 1918 Nem
473 1863 543 1932 quod
556 1861 589 1922 etl
599 1861 689 1915 hostes
700 1862 936 1933 appropinquabat,
945 1877 1007 1916 con·

83 1932 232 1988 suetudine
245 1950 294 1986 sua
302 1933 399 1988 Caesar
411 1949 458 1986 sex
471 1933 591 2001 legiones
601 1931 739 2003 expeditas
750 1931 881 1986 ducebat:
892 1939 951 2002 post
958 1948 1008 1985 aas

83 2004 169 2056 totius
187 2003 321 2056 exercitus
339 2001 532 2072 impedimenta
548 2000 702 2054 collocarat:
723 2001 784 2054 inde
796 2001 866 2056 duae
879 2001 1006 2071 legiones,

82 2088 159 2142 quae
183 2073 303 2141 proxime
326 2071 492 2140 conscriptae
516 2080 598 2140 erant,
617 2077 702 2124 toturn
724 2088 822 2138 agmen
845 2071 1006 2126 claudebant
1041 2075 1043 2080 '

83 2140 578 2211 praesidioqueimpedimentiserant.
610 2141 1006 2210 Equitesnostricumsundito-

83 2211 162 2265 ribus
175 2211 369 2280 sagittariisque
382 2210 483 2264 flumen
498 2211 652 2278 transgressi
669 2227 731 2262 cum
751 2209 866 2264 hostium
884 2212 1006 2281 equitatu

82 2281 221 2351 proelium
233 2281 434 2334 commiserunt.
471 2280 540 2334 Cum
557 2297 586 2332 se
605 2279 642 2332 illi
660 2279 806 2334 identidem
824 2282 851 2334 in
869 2281 960 2334 silvas⁴
970 2281 1005 2334 ad

83 2367 150 2404 suos
160 2351 308 2420 reciperent
320 2367 353 2402 ao
365 2366 456 2404 rursus
464 2366 497 2404 ex
510 2349 577 2402 silva
589 2349 614 2402 in
627 2358 729 2402 nostros
738 2349 867 2419 impetum
877 2350 1004 2418 facerent,

82 2437 177 2490 neque
189 2420 271 2473 nostri
289 2420 399 2488 longius,
413 2437 494 2489 quarn
514 2436 596 2489 quem
610 2418 648 2471 ad
665 2419 747 2472 finem
765 2422 892 2488 porrecta⁶
903 2436 935 2472 ac
947 2419 1023 2472 loca'
1115 2409 1119 2420 '

82 2498 179 2560 aperta
188 2489 363 2559 pertinebant,
373 2488 500 2542 cedentes
512 2488 615 2558 insequi
627 2487 764 2558 auderent,
774 2488 878 2540 interim
885 2487 1007 2556 legiones

83 2576 142 2629 sex,
157 2575 228 2628 cquae
240 2559 342 2628 primae
355 2566 490 2629 venerant,
504 2574 583 2630 opere
595 2557 718 2610 dimenso
730 2564 816 2609 castre
828 2557 932 2610 munire
944 2572 1005 2609 coe·

113 2745 121 2772 ¹
131 2741 190 2792 Non
200 2745 266 2792 mado
275 2742 342 2800 bere,
354 2757 382 2792 es
392 2742 418 2792 in
427 2757 501 2802 many
512 2741 582 2792 other
592 2755 718 2802 passages,
730 2739 750 2788 is
762 2737 822 2788 used
835 2739 872 2790 for
881 2756 930 2788 noa
940 2741 1006 2788 mode

82 2819 142 2852 non.
174 2802 222 2850 See
234 2803 333 2862 Zumpt,
343 2801 398 2850 Lot.
411 2801 501 2858 Graec,
514 2802 527 2853 i
538 2803 591 2858 724,
604 2801 627 2848 b.

112 2889 241 2946 'Samium
258 2889 364 2951 nemely‚
376 2891 439 2946 colli,
455 2877 530 2938 ‘irum
540 2888 572 2937 its
583 2888 641 2948 top!

112 2977 250 3038 'Namely,
263 2995 278 3026 α
287 2979 401 3040 flumine.-
420 2977 460 3026 the
472 2975 581 3036 opposite
597 2974 641 3022 hill
656 2974 788 3042 beginning
797 2982 824 3022 to
833 2975 881 3024 nse
895 2982 920 3022 at
930 2987 945 3020 a
954 2972 1004 3022 dis·

83 3047 155 3088 tauee
167 3037 195 3085 ol'
207 3039 280 3086 about
290 3048 341 3085 two
352 3035 461 3086 hundred
471 3049 543 3096 paces
554 3033 615 3084 from
626 3034 668 3082 the
679 3047 749 3082 nrer.

112 3127 215 3176 ⁴Silecc
230 3126 286 3174 bere
304 3141 344 3174 are
360 3126 400 3175 the
417 3135 484 3186 parts
499 3123 528 3173 of
542 3123 583 3174 the
598 3123 682 3179 forest,
699 3122 740 3172 the
758 3121 838 3176 whole
853 3121 881 3170 os
898 3121 916 3170 it
931 3121 1004 3186 being

83 3185 226 3238 afterwards
237 3185 369 3245 expressed
379 3187 412 3245 by
423 3187 493 3233 silea
525 3183 572 3231 See
583 3181 616 3230 iii.
628 3185 665 3230 28.

112 3275 245 3324 lPorrecto
261 3283 347 3324 cannot
363 3273 453 3334 belong
467 3282 493 3320 to
508 3274 566 3329 loco,
579 3285 612 3319 on
626 3279 727 3318 account
744 3267 772 3317 os
782 3268 814 3316 its
829 3262 942 3337 position,
956 3272 1004 3323 and

84 3345 151 3389 must
162 3337 193 3385 be
205 3334 280 3382 taken
289 3334 315 3383 in
325 3332 366 3382 tbe
377 3346 448 3382 sense
459 3331 487 3380 oi
499 3347 513 3380 a
523 3329 684 3380 substantive.
716 3327 837 3388 Compare
847 3343 888 3378 ru.
900 3331 947 3404 θλ
996 3392 1001 3400 ὁ
