<?xml version="1.0" encoding="UTF-8"?>
<!DOCTYPE html PUBLIC "-//W3C//DTD XHTML 1.0 Transitional//EN"
    "http://www.w3.org/TR/xhtml1/DTD/xhtml1-transitional.dtd">
<html xmlns="http://www.w3.org/1999/xhtml" xml:lang="en" lang="en">
 <head>
  <title>
</title>
<meta http-equiv="Content-Type" content="text/html;charset=utf-8" />
  <meta name='ocr-system' content='tesseract 3.04.00' />
  <meta name='ocr-capabilities' content='ocr_page ocr_carea ocr_par ocr_line ocrx_word'/>
</head>
<body>
  <div class='ocr_page' id='page_1' title='image "./cjuliicaesarisc00zumpgoog_0077.png"; bbox 0 0 2296 3796; ppageno 0'>
   <div class='ocr_carea' id='block_1_1' title="bbox 167 295 783 358">
    <p class='ocr_par' dir='ltr' id='par_1_1' title="bbox 167 295 783 358">
     <span class='ocr_line' id='line_1_1' title="bbox 167 295 783 358; baseline -0.003 0"><span class='ocrx_word' id='word_1_1' title='bbox 167 295 208 358; x_wconf 81' lang='lat' dir='ltr'><strong>et</strong></span> <span class='ocrx_word' id='word_1_2' title='bbox 468 313 510 358; x_wconf 80' lang='lat' dir='ltr'><strong>ns</strong></span> <span class='ocrx_word' id='word_1_3' title='bbox 530 313 627 358; x_wconf 74' lang='lat' dir='ltr'><strong>sasso</strong></span> <span class='ocrx_word' id='word_1_4' title='bbox 648 313 783 356; x_wconf 83' lang='lat' dir='ltr'><strong>ossnrco.</strong></span> 
     </span>
    </p>
   </div>
   <div class='ocr_carea' id='block_1_2' title="bbox 151 421 1135 2426">
    <p class='ocr_par' dir='ltr' id='par_1_2' title="bbox 168 421 1135 771">
     <span class='ocr_line' id='line_1_2' title="bbox 168 421 1086 494; baseline -0.002 -16"><span class='ocrx_word' id='word_1_5' title='bbox 168 423 247 478; x_wconf 89' lang='lat' dir='ltr'><strong>nibus</strong></span> <span class='ocrx_word' id='word_1_6' title='bbox 265 423 331 478; x_wconf 82' lang='lat' dir='ltr'><strong>vicis</strong></span> <span class='ocrx_word' id='word_1_7' title='bbox 349 423 465 478; x_wconf 84' lang='lat' dir='ltr'><strong>aedificii</strong></span> <span class='ocrx_word' id='word_1_8' title='bbox 497 439 539 492; x_wconf 87' lang='lat' dir='ltr'><strong>ue,</strong></span> <span class='ocrx_word' id='word_1_9' title='bbox 561 437 627 494; x_wconf 88' lang='lat' dir='ltr'><strong>quos</strong></span> <span class='ocrx_word' id='word_1_10' title='bbox 648 423 721 478; x_wconf 85' lang='lat' dir='ltr'><strong>adiro</strong></span> <span class='ocrx_word' id='word_1_11' title='bbox 742 430 887 494; x_wconf 87' lang='lat' dir='ltr'><strong>potuerant,</strong></span> <span class='ocrx_word' id='word_1_12' title='bbox 909 421 1032 476; x_wconf 85' lang='lat' dir='ltr'><strong>incensis</strong></span> <span class='ocrx_word' id='word_1_13' title='bbox 1052 421 1086 476; x_wconf 85' lang='lat' dir='ltr'><strong>ad</strong></span> 
     </span>
     <span class='ocr_line' id='line_1_3' title="bbox 169 441 1087 564; baseline -0.002 -18"><span class='ocrx_word' id='word_1_14' title='bbox 169 502 256 546; x_wconf 84' lang='lat' dir='ltr'><strong>castra</strong></span> <span class='ocrx_word' id='word_1_15' title='bbox 274 493 396 547; x_wconf 80' lang='lat' dir='ltr'>Caesaris</span> <span class='ocrx_word' id='word_1_16' title='bbox 413 441 537 547; x_wconf 66' lang='lat' dir='ltr'><strong>omrlhus</strong></span> <span class='ocrx_word' id='word_1_17' title='bbox 555 494 639 564; x_wconf 86' lang='lat' dir='ltr'><strong>copiis</strong></span> <span class='ocrx_word' id='word_1_18' title='bbox 658 493 850 546; x_wconf 88' lang='lat' dir='ltr'><strong>contenderunt</strong></span> <span class='ocrx_word' id='word_1_19' title='bbox 869 500 897 544; x_wconf 91' lang='lat' dir='ltr'><strong>et</strong></span> <span class='ocrx_word' id='word_1_20' title='bbox 915 492 959 546; x_wconf 87' lang='lat' dir='ltr'><strong>ab¹</strong></span> <span class='ocrx_word' id='word_1_21' title='bbox 977 491 1087 546; x_wconf 88' lang='lat' dir='ltr'><strong>milibus</strong></span> 
     </span>
     <span class='ocr_line' id='line_1_4' title="bbox 204 563 1088 632; baseline -0.002 -16"><span class='ocrx_word' id='word_1_22' title='bbox 204 579 296 616; x_wconf 84' lang='lat' dir='ltr'><strong>esuum</strong></span> <span class='ocrx_word' id='word_1_23' title='bbox 319 563 408 616; x_wconf 90' lang='lat' dir='ltr'><strong>minus</strong></span> <span class='ocrx_word' id='word_1_24' title='bbox 430 563 534 616; x_wconf 90' lang='lat' dir='ltr'><strong>duobus</strong></span> <span class='ocrx_word' id='word_1_25' title='bbox 557 572 644 615; x_wconf 87' lang='lat' dir='ltr'><strong>castra</strong></span> <span class='ocrx_word' id='word_1_26' title='bbox 666 571 810 632; x_wconf 88' lang='lat' dir='ltr'><strong>posuerunt</strong></span> <span class='ocrx_word' id='word_1_27' title='bbox 817 577 825 630; x_wconf 79' lang='lat'><em>3</em></span> <span class='ocrx_word' id='word_1_28' title='bbox 849 578 926 630; x_wconf 85' lang='lat' dir='ltr'><strong>quae·</strong></span> <span class='ocrx_word' id='word_1_29' title='bbox 941 571 1038 631; x_wconf 87' lang='lat' dir='ltr'><strong>castra,</strong></span> <span class='ocrx_word' id='word_1_30' title='bbox 1059 569 1088 614; x_wconf 94' lang='lat' dir='ltr'><strong>ut</strong></span> 
     </span>
     <span class='ocr_line' id='line_1_5' title="bbox 182 631 1087 702; baseline 0 -18"><span class='ocrx_word' id='word_1_31' title='bbox 182 648 244 685; x_wconf 88' lang='lat' dir='ltr'><strong>nmo</strong></span> <span class='ocrx_word' id='word_1_32' title='bbox 262 640 342 702; x_wconf 89' lang='lat' dir='ltr'><strong>atque</strong></span> <span class='ocrx_word' id='word_1_33' title='bbox 358 633 463 701; x_wconf 85' lang='lat' dir='ltr'>ignibus</span> <span class='ocrx_word' id='word_1_34' title='bbox 481 633 685 702; x_wconf 84' lang='lat' dir='ltr'><strong>significabatur,</strong></span> <span class='ocrx_word' id='word_1_35' title='bbox 698 632 814 702; x_wconf 88' lang='lat' dir='ltr'><strong>amplius</strong></span> <span class='ocrx_word' id='word_1_36' title='bbox 832 631 941 684; x_wconf 90' lang='lat' dir='ltr'><strong>milibus</strong></span> <span class='ocrx_word' id='word_1_37' title='bbox 958 647 1087 702; x_wconf 76' lang='lat' dir='ltr'><strong>passuum</strong></span> 
     </span>
     <span class='ocr_line' id='line_1_6' title="bbox 170 701 1135 771; baseline 0.004 -17"><span class='ocrx_word' id='word_1_38' title='bbox 170 710 228 754; x_wconf 89' lang='lat' dir='ltr'><strong>octo</strong></span> <span class='ocrx_word' id='word_1_39' title='bbox 240 701 266 754; x_wconf 88' lang='lat' dir='ltr'><strong>in</strong></span> <span class='ocrx_word' id='word_1_40' title='bbox 279 701 448 756; x_wconf 84' lang='lat' dir='ltr'><strong>latitudinem</strong></span> <span class='ocrx_word' id='word_1_41' title='bbox 459 702 594 771; x_wconf 83' lang='lat' dir='ltr'><strong>patebant.</strong></span> <span class='ocrx_word' id='word_1_42' title='bbox 1134 743 1135 758; x_wconf 54' lang='lat'>2</span> 
     </span>
    </p>

    <p class='ocr_par' dir='ltr' id='par_1_3' title="bbox 169 769 1088 1188">
     <span class='ocr_line' id='line_1_7' title="bbox 204 769 1087 842; baseline -0.002 -18"><span class='ocrx_word' id='word_1_43' title='bbox 204 776 230 824; x_wconf 91' lang='lat'><strong>8.</strong></span> <span class='ocrx_word' id='word_1_44' title='bbox 249 772 346 827; x_wconf 82' lang='lat' dir='ltr'><strong>Caesar</strong></span> <span class='ocrx_word' id='word_1_45' title='bbox 354 773 439 841; x_wconf 91' lang='lat' dir='ltr'><strong>primo</strong></span> <span class='ocrx_word' id='word_1_46' title='bbox 451 780 478 824; x_wconf 92' lang='lat' dir='ltr'><strong>et</strong></span> <span class='ocrx_word' id='word_1_47' title='bbox 490 771 800 842; x_wconf 91' lang='lat' dir='ltr'><strong>proptermultitudinem</strong></span> <span class='ocrx_word' id='word_1_48' title='bbox 813 769 930 824; x_wconf 91' lang='lat' dir='ltr'><strong>hostium</strong></span> <span class='ocrx_word' id='word_1_49' title='bbox 942 777 1087 839; x_wconf 87' lang='lat' dir='ltr'><strong>etpropter</strong></span> 
     </span>
     <span class='ocr_line' id='line_1_8' title="bbox 170 839 1087 913; baseline -0.003 -19"><span class='ocrx_word' id='word_1_50' title='bbox 170 841 298 895; x_wconf 81' lang='lat' dir='ltr'><strong>eximiam</strong></span> <span class='ocrx_word' id='word_1_51' title='bbox 309 842 462 910; x_wconf 86' lang='lat' dir='ltr'><strong>opinionem</strong></span> <span class='ocrx_word' id='word_1_52' title='bbox 472 841 578 898; x_wconf 84' lang='lat' dir='ltr'><strong>virtutis</strong></span> <span class='ocrx_word' id='word_1_53' title='bbox 590 841 696 910; x_wconf 73' lang='lat' dir='ltr'><strong>proelio¹</strong></span> <span class='ocrx_word' id='word_1_54' title='bbox 708 857 738 893; x_wconf 90' lang='lat' dir='ltr'><strong>su</strong></span> <span class='ocrx_word' id='word_1_55' title='bbox 759 839 882 892; x_wconf 90' lang='lat' dir='ltr'><strong>ersederc</strong></span> <span class='ocrx_word' id='word_1_56' title='bbox 898 839 1008 907; x_wconf 74' lang='lat' dir='ltr'><strong>statuit,</strong></span> <span class='ocrx_word' id='word_1_57' title='bbox 1027 855 1087 913; x_wconf 91' lang='lat' dir='ltr'><strong>quo·</strong></span> 
     </span>
     <span class='ocr_line' id='line_1_9' title="bbox 170 859 1088 980; baseline 0 -18"><span class='ocrx_word' id='word_1_58' title='bbox 170 909 234 963; x_wconf 90' lang='lat' dir='ltr'><strong>tidie</strong></span> <span class='ocrx_word' id='word_1_59' title='bbox 247 919 338 963; x_wconf 89' lang='lat' dir='ltr'><strong>tamen</strong></span> <span class='ocrx_word' id='word_1_60' title='bbox 355 909 524 979; x_wconf 71' lang='lat' dir='ltr'><strong>equestribus</strong></span> <span class='ocrx_word' id='word_1_61' title='bbox 536 909 649 980; x_wconf 87' lang='lat' dir='ltr'><strong>proeliis,</strong></span> <span class='ocrx_word' id='word_1_62' title='bbox 662 909 728 979; x_wconf 91' lang='lat' dir='ltr'><strong>quid</strong></span> <span class='ocrx_word' id='word_1_63' title='bbox 740 859 824 962; x_wconf 71' lang='lat' dir='ltr'><strong>llostis</strong></span> <span class='ocrx_word' id='word_1_64' title='bbox 836 909 933 962; x_wconf 84' lang='lat' dir='ltr'><strong>virtute</strong></span> <span class='ocrx_word' id='word_1_65' title='bbox 947 919 1049 978; x_wconf 87' lang='lat' dir='ltr'><strong>posset,</strong></span> <span class='ocrx_word' id='word_1_66' title='bbox 1062 917 1088 962; x_wconf 86' lang='lat' dir='ltr'><strong>et</strong></span> 
     </span>
     <span class='ocr_line' id='line_1_10' title="bbox 170 979 1087 1050; baseline -0.003 -16"><span class='ocrx_word' id='word_1_67' title='bbox 170 979 233 1050; x_wconf 90' lang='lat' dir='ltr'><strong>quid</strong></span> <span class='ocrx_word' id='word_1_68' title='bbox 251 981 331 1034; x_wconf 89' lang='lat' dir='ltr'><strong>nostri</strong></span> <span class='ocrx_word' id='word_1_69' title='bbox 350 980 487 1048; x_wconf 79' lang='lat' dir='ltr'><strong>auderent,</strong></span> <span class='ocrx_word' id='word_1_70' title='bbox 506 979 712 1050; x_wconf 85' lang='lat' dir='ltr'><strong>periclitabatur.</strong></span> <span class='ocrx_word' id='word_1_71' title='bbox 754 979 807 1032; x_wconf 89' lang='lat' dir='ltr'><strong>Ubi</strong></span> <span class='ocrx_word' id='word_1_72' title='bbox 826 987 928 1032; x_wconf 88' lang='lat' dir='ltr'><strong>nostros</strong></span> <span class='ocrx_word' id='word_1_73' title='bbox 950 995 1005 1032; x_wconf 90' lang='lat' dir='ltr'><strong>non</strong></span> <span class='ocrx_word' id='word_1_74' title='bbox 1029 995 1087 1031; x_wconf 88' lang='lat' dir='ltr'><strong>esse</strong></span> 
     </span>
     <span class='ocr_line' id='line_1_11' title="bbox 169 1047 1088 1118; baseline -0.001 -16"><span class='ocrx_word' id='word_1_75' title='bbox 169 1049 306 1102; x_wconf 79' lang='lat' dir='ltr'><strong>inferiores</strong></span> <span class='ocrx_word' id='word_1_76' title='bbox 325 1048 460 1118; x_wconf 81' lang='lat' dir='ltr'><strong>intellexit,</strong></span> <span class='ocrx_word' id='word_1_77' title='bbox 482 1049 539 1102; x_wconf 89' lang='lat' dir='ltr'><strong>loco</strong></span> <span class='ocrx_word' id='word_1_78' title='bbox 558 1065 603 1118; x_wconf 92' lang='lat' dir='ltr'><strong>pro</strong></span> <span class='ocrx_word' id='word_1_79' title='bbox 623 1049 715 1102; x_wconf 88' lang='lat' dir='ltr'><strong>castris</strong></span> <span class='ocrx_word' id='word_1_80' title='bbox 737 1049 772 1100; x_wconf 88' lang='lat' dir='ltr'><strong>ad</strong></span> <span class='ocrx_word' id='word_1_81' title='bbox 792 1047 881 1101; x_wconf 87' lang='lat' dir='ltr'><strong>aciem</strong></span> <span class='ocrx_word' id='word_1_82' title='bbox 904 1047 1088 1102; x_wconf 85' lang='lat' dir='ltr'><strong>instruendam</strong></span> 
     </span>
     <span class='ocr_line' id='line_1_12' title="bbox 170 1117 1088 1188; baseline -0.002 -16"><span class='ocrx_word' id='word_1_83' title='bbox 170 1127 263 1172; x_wconf 84' lang='lat' dir='ltr'><strong>natura</strong></span> <span class='ocrx_word' id='word_1_84' title='bbox 282 1127 427 1188; x_wconf 90' lang='lat' dir='ltr'><strong>opportuno</strong></span> <span class='ocrx_word' id='word_1_85' title='bbox 449 1127 530 1187; x_wconf 88' lang='lat' dir='ltr'><strong>atque</strong></span> <span class='ocrx_word' id='word_1_86' title='bbox 553 1118 666 1188; x_wconf 88' lang='lat' dir='ltr'><strong>idoneo,¹</strong></span> <span class='ocrx_word' id='word_1_87' title='bbox 685 1117 755 1188; x_wconf 92' lang='lat' dir='ltr'><strong>qnod</strong></span> <span class='ocrx_word' id='word_1_88' title='bbox 779 1117 803 1170; x_wconf 89' lang='lat' dir='ltr'><strong>is</strong></span> <span class='ocrx_word' id='word_1_89' title='bbox 826 1117 910 1187; x_wconf 89' lang='lat' dir='ltr'><strong>collis,</strong></span> <span class='ocrx_word' id='word_1_90' title='bbox 930 1117 977 1170; x_wconf 88' lang='lat' dir='ltr'><strong>ubi</strong></span> <span class='ocrx_word' id='word_1_91' title='bbox 1002 1125 1088 1170; x_wconf 86' lang='lat' dir='ltr'><strong>castra</strong></span> 
     </span>
    </p>

    <p class='ocr_par' dir='ltr' id='par_1_4' title="bbox 151 1186 1088 1259">
     <span class='ocr_line' id='line_1_13' title="bbox 151 1186 1088 1259; baseline 0 -19"><span class='ocrx_word' id='word_1_92' title='bbox 151 1187 255 1259; x_wconf 29' lang='lat' dir='ltr'><strong>,posita</strong></span> <span class='ocrx_word' id='word_1_93' title='bbox 273 1196 355 1256; x_wconf 87' lang='lat' dir='ltr'><strong>erant,</strong></span> <span class='ocrx_word' id='word_1_94' title='bbox 376 1187 514 1257; x_wconf 84' lang='lat' dir='ltr'><strong>paululum</strong></span> <span class='ocrx_word' id='word_1_95' title='bbox 535 1205 569 1241; x_wconf 85' lang='lat' dir='ltr'><strong>ex</strong></span> <span class='ocrx_word' id='word_1_96' title='bbox 589 1188 697 1258; x_wconf 77' lang='lat' dir='ltr'><strong>planitie</strong></span> <span class='ocrx_word' id='word_1_97' title='bbox 721 1187 808 1240; x_wconf 87' lang='lat' dir='ltr'><strong>editus</strong></span> <span class='ocrx_word' id='word_1_98' title='bbox 826 1196 932 1241; x_wconf 86' lang='lat' dir='ltr'><strong>tantum</strong></span> <span class='ocrx_word' id='word_1_99' title='bbox 948 1186 1088 1240; x_wconf 72' lang='lat' dir='ltr'><strong>adversus*</strong></span> 
     </span>
    </p>

    <p class='ocr_par' dir='ltr' id='par_1_5' title="bbox 171 1255 1087 1327">
     <span class='ocr_line' id='line_1_14' title="bbox 171 1255 1087 1327; baseline 0 -17"><span class='ocrx_word' id='word_1_100' title='bbox 171 1259 197 1312; x_wconf 90' lang='lat' dir='ltr'><strong>in</strong></span> <span class='ocrx_word' id='word_1_101' title='bbox 210 1255 380 1310; x_wconf 89' lang='lat' dir='ltr'><strong>latitudinem</strong></span> <span class='ocrx_word' id='word_1_102' title='bbox 397 1257 513 1327; x_wconf 86' lang='lat' dir='ltr'><strong>patebat,</strong></span> <span class='ocrx_word' id='word_1_103' title='bbox 526 1267 655 1326; x_wconf 85' lang='lat' dir='ltr'><strong>quantum</strong></span> <span class='ocrx_word' id='word_1_104' title='bbox 668 1257 719 1310; x_wconf 89' lang='lat' dir='ltr'><strong>loci</strong></span> <span class='ocrx_word' id='word_1_105' title='bbox 731 1257 804 1310; x_wconf 88' lang='lat' dir='ltr'><strong>acies</strong></span> <span class='ocrx_word' id='word_1_106' title='bbox 816 1257 944 1310; x_wconf 85' lang='lat' dir='ltr'><strong>instructa</strong></span> <span class='ocrx_word' id='word_1_107' title='bbox 955 1273 1087 1326; x_wconf 86' lang='lat' dir='ltr'><strong>occuparo</strong></span> 
     </span>
    </p>

    <p class='ocr_par' dir='ltr' id='par_1_6' title="bbox 169 1324 1135 2076">
     <span class='ocr_line' id='line_1_15' title="bbox 205 1324 1088 1397; baseline 0 -17"><span class='ocrx_word' id='word_1_108' title='bbox 205 1335 279 1396; x_wconf 86' lang='lat' dir='ltr'><strong>terat,</strong></span> <span class='ocrx_word' id='word_1_109' title='bbox 291 1335 372 1396; x_wconf 88' lang='lat' dir='ltr'><strong>atque</strong></span> <span class='ocrx_word' id='word_1_110' title='bbox 390 1334 547 1396; x_wconf 81' lang='lat' dir='ltr'><strong>ex&#39;utraque</strong></span> <span class='ocrx_word' id='word_1_111' title='bbox 559 1336 633 1397; x_wconf 89' lang='lat' dir='ltr'><strong>parte</strong></span> <span class='ocrx_word' id='word_1_112' title='bbox 645 1327 735 1380; x_wconf 81' lang='lat' dir='ltr'><strong>lateris</strong></span> <span class='ocrx_word' id='word_1_113' title='bbox 752 1324 874 1396; x_wconf 85' lang='lat' dir='ltr'><strong>dejectus</strong></span> <span class='ocrx_word' id='word_1_114' title='bbox 890 1325 1011 1380; x_wconf 84' lang='lat' dir='ltr'><strong>habebat</strong></span> <span class='ocrx_word' id='word_1_115' title='bbox 1023 1335 1051 1379; x_wconf 91' lang='lat' dir='ltr'><strong>et</strong></span> <span class='ocrx_word' id='word_1_116' title='bbox 1062 1327 1088 1380; x_wconf 89' lang='lat' dir='ltr'><strong>in</strong></span> 
     </span>
     <span class='ocr_line' id='line_1_16' title="bbox 170 1343 1087 1466; baseline -0.002 -14"><span class='ocrx_word' id='word_1_117' title='bbox 170 1343 255 1452; x_wconf 65' lang='lat' dir='ltr'><strong>hlauts</strong></span> <span class='ocrx_word' id='word_1_118' title='bbox 279 1395 373 1449; x_wconf 87' lang='lat' dir='ltr'><strong>leniter</strong></span> <span class='ocrx_word' id='word_1_119' title='bbox 391 1396 530 1465; x_wconf 82' lang='lat' dir='ltr'><strong>fastigatus</strong></span> <span class='ocrx_word' id='word_1_120' title='bbox 553 1397 680 1466; x_wconf 86' lang='lat' dir='ltr'><strong>paulatim</strong></span> <span class='ocrx_word' id='word_1_121' title='bbox 703 1397 737 1450; x_wconf 85' lang='lat' dir='ltr'><strong>ad</strong></span> <span class='ocrx_word' id='word_1_122' title='bbox 758 1395 896 1466; x_wconf 84' lang='lat' dir='ltr'><strong>planitiem</strong></span> <span class='ocrx_word' id='word_1_123' title='bbox 920 1395 1034 1465; x_wconf 86' lang='lat' dir='ltr'><strong>redibat,</strong></span> <span class='ocrx_word' id='word_1_124' title='bbox 1054 1395 1087 1450; x_wconf 87' lang='lat' dir='ltr'><strong>ab</strong></span> 
     </span>
     <span class='ocr_line' id='line_1_17' title="bbox 170 1465 1087 1536; baseline 0 -16"><span class='ocrx_word' id='word_1_125' title='bbox 170 1473 281 1536; x_wconf 90' lang='lat' dir='ltr'><strong>utroque</strong></span> <span class='ocrx_word' id='word_1_126' title='bbox 294 1465 376 1519; x_wconf 85' lang='lat' dir='ltr'><strong>latere</strong></span> <span class='ocrx_word' id='word_1_127' title='bbox 395 1465 454 1536; x_wconf 87' lang='lat' dir='ltr'><strong>ejus</strong></span> <span class='ocrx_word' id='word_1_128' title='bbox 468 1466 543 1519; x_wconf 90' lang='lat' dir='ltr'><strong>collis</strong></span> <span class='ocrx_word' id='word_1_129' title='bbox 554 1475 731 1522; x_wconf 82' lang='lat' dir='ltr'><strong>transversam</strong></span> <span class='ocrx_word' id='word_1_130' title='bbox 744 1467 843 1520; x_wconf 80' lang='lat' dir='ltr'><strong>fossam</strong></span> <span class='ocrx_word' id='word_1_131' title='bbox 859 1465 971 1520; x_wconf 82' lang='lat' dir='ltr'><strong>obduxit</strong></span> <span class='ocrx_word' id='word_1_132' title='bbox 983 1466 1087 1520; x_wconf 88' lang='lat' dir='ltr'><strong>circiter</strong></span> 
     </span>
     <span class='ocr_line' id='line_1_18' title="bbox 169 1534 1087 1608; baseline 0 -18"><span class='ocrx_word' id='word_1_133' title='bbox 169 1553 299 1608; x_wconf 80' lang='lat' dir='ltr'><strong>passuum</strong></span> <span class='ocrx_word' id='word_1_134' title='bbox 311 1534 571 1605; x_wconf 76' lang='lat' dir='ltr'><strong>quadringentorum⁸</strong></span> <span class='ocrx_word' id='word_1_135' title='bbox 582 1545 609 1590; x_wconf 90' lang='lat' dir='ltr'><strong>et</strong></span> <span class='ocrx_word' id='word_1_136' title='bbox 618 1537 652 1589; x_wconf 83' lang='lat' dir='ltr'><strong>sd</strong></span> <span class='ocrx_word' id='word_1_137' title='bbox 661 1546 796 1590; x_wconf 81' lang='lat' dir='ltr'><strong>extremas</strong></span> <span class='ocrx_word' id='word_1_138' title='bbox 807 1534 892 1590; x_wconf 80' lang='lat' dir='ltr'><strong>fossas</strong></span> <span class='ocrx_word' id='word_1_139' title='bbox 903 1534 1017 1588; x_wconf 82' lang='lat' dir='ltr'><strong>castella</strong></span> <span class='ocrx_word' id='word_1_140' title='bbox 1029 1553 1087 1590; x_wconf 88' lang='lat' dir='ltr'><strong>oon·</strong></span> 
     </span>
     <span class='ocr_line' id='line_1_19' title="bbox 170 1603 1086 1676; baseline -0.001 -17"><span class='ocrx_word' id='word_1_141' title='bbox 170 1606 254 1660; x_wconf 92' lang='lat' dir='ltr'><strong>stituit</strong></span> <span class='ocrx_word' id='word_1_142' title='bbox 265 1606 355 1676; x_wconf 90' lang='lat' dir='ltr'><strong>ibique</strong></span> <span class='ocrx_word' id='word_1_143' title='bbox 368 1606 509 1660; x_wconf 82' lang='lat' dir='ltr'><strong>tormenta⁰</strong></span> <span class='ocrx_word' id='word_1_144' title='bbox 520 1603 665 1675; x_wconf 86' lang='lat' dir='ltr'><strong>collocavit,</strong></span> <span class='ocrx_word' id='word_1_145' title='bbox 678 1624 720 1676; x_wconf 90' lang='lat' dir='ltr'><strong>ne,</strong></span> <span class='ocrx_word' id='word_1_146' title='bbox 734 1623 798 1660; x_wconf 89' lang='lat' dir='ltr'><strong>cum</strong></span> <span class='ocrx_word' id='word_1_147' title='bbox 809 1605 898 1658; x_wconf 88' lang='lat' dir='ltr'><strong>aciem</strong></span> <span class='ocrx_word' id='word_1_148' title='bbox 910 1606 1086 1676; x_wconf 81' lang='lat' dir='ltr'><strong>instruxisset,</strong></span> 
     </span>
     <span class='ocr_line' id='line_1_20' title="bbox 170 1673 1087 1755; baseline 0 -26"><span class='ocrx_word' id='word_1_149' title='bbox 170 1676 268 1746; x_wconf 89' lang='lat' dir='ltr'><strong>hostes,</strong></span> <span class='ocrx_word' id='word_1_150' title='bbox 288 1673 358 1744; x_wconf 91' lang='lat' dir='ltr'><strong>qnod</strong></span> <span class='ocrx_word' id='word_1_151' title='bbox 380 1684 484 1728; x_wconf 89' lang='lat' dir='ltr'><strong>tantum</strong></span> <span class='ocrx_word' id='word_1_152' title='bbox 503 1675 675 1729; x_wconf 90' lang='lat' dir='ltr'><strong>multitudine</strong></span> <span class='ocrx_word' id='word_1_153' title='bbox 694 1684 821 1744; x_wconf 85' lang='lat' dir='ltr'><strong>poterant,</strong></span> <span class='ocrx_word' id='word_1_154' title='bbox 840 1691 857 1726; x_wconf 87' lang='lat' dir='ltr'><strong>a</strong></span> <span class='ocrx_word' id='word_1_155' title='bbox 875 1675 1005 1728; x_wconf 84' lang='lat' dir='ltr'><strong>lateribus</strong></span> <span class='ocrx_word' id='word_1_156' title='bbox 1023 1692 1087 1755; x_wconf 86' lang='lat' dir='ltr'><strong>pug-</strong></span> 
     </span>
     <span class='ocr_line' id='line_1_21' title="bbox 169 1744 1087 1814; baseline -0.002 -14"><span class='ocrx_word' id='word_1_157' title='bbox 169 1756 265 1800; x_wconf 78' lang='lat' dir='ltr'><strong>nantes</strong></span> <span class='ocrx_word' id='word_1_158' title='bbox 277 1760 340 1798; x_wconf 87' lang='lat' dir='ltr'><strong>suos</strong></span> <span class='ocrx_word' id='word_1_159' title='bbox 351 1744 544 1797; x_wconf 89' lang='lat' dir='ltr'><strong>circumvenire</strong></span> <span class='ocrx_word' id='word_1_160' title='bbox 556 1755 672 1814; x_wconf 86' lang='lat' dir='ltr'><strong>possent.</strong></span> <span class='ocrx_word' id='word_1_161' title='bbox 708 1745 765 1798; x_wconf 89' lang='lat' dir='ltr'><strong>Hoc</strong></span> <span class='ocrx_word' id='word_1_162' title='bbox 777 1745 847 1797; x_wconf 86' lang='lat' dir='ltr'><strong>facto</strong></span> <span class='ocrx_word' id='word_1_163' title='bbox 856 1745 966 1798; x_wconf 85' lang='lat' dir='ltr'><strong>duabus</strong></span> <span class='ocrx_word' id='word_1_164' title='bbox 978 1744 1087 1814; x_wconf 77' lang='lat' dir='ltr'><strong>legioni·</strong></span> 
     </span>
     <span class='ocr_line' id='line_1_22' title="bbox 169 1813 1088 1885; baseline -0.001 -16"><span class='ocrx_word' id='word_1_165' title='bbox 169 1816 228 1885; x_wconf 91' lang='lat' dir='ltr'><strong>bus,</strong></span> <span class='ocrx_word' id='word_1_166' title='bbox 241 1831 308 1884; x_wconf 89' lang='lat' dir='ltr'><strong>quas</strong></span> <span class='ocrx_word' id='word_1_167' title='bbox 320 1815 438 1882; x_wconf 80' lang='lat' dir='ltr'><strong>proirime</strong></span> <span class='ocrx_word' id='word_1_168' title='bbox 457 1814 655 1884; x_wconf 85' lang='lat' dir='ltr'><strong>conscripserat,</strong></span> <span class='ocrx_word' id='word_1_169' title='bbox 670 1813 697 1868; x_wconf 93' lang='lat' dir='ltr'><strong>in</strong></span> <span class='ocrx_word' id='word_1_170' title='bbox 715 1815 807 1868; x_wconf 83' lang='lat' dir='ltr'><strong>castris</strong></span> <span class='ocrx_word' id='word_1_171' title='bbox 825 1814 931 1885; x_wconf 88' lang='lat' dir='ltr'><strong>relictis,</strong></span> <span class='ocrx_word' id='word_1_172' title='bbox 945 1823 982 1884; x_wconf 88' lang='lat' dir='ltr'><strong>ut,</strong></span> <span class='ocrx_word' id='word_1_173' title='bbox 997 1815 1019 1868; x_wconf 92' lang='lat' dir='ltr'><strong>si</strong></span> <span class='ocrx_word' id='word_1_174' title='bbox 1037 1831 1088 1885; x_wconf 92' lang='lat' dir='ltr'><strong>quo</strong></span> 
     </span>
     <span class='ocr_line' id='line_1_23' title="bbox 170 1882 1135 1964; baseline 0.002 -27"><span class='ocrx_word' id='word_1_175' title='bbox 170 1901 237 1954; x_wconf 91' lang='lat' dir='ltr'><strong>opus</strong></span> <span class='ocrx_word' id='word_1_176' title='bbox 256 1892 337 1952; x_wconf 86' lang='lat' dir='ltr'><strong>esset,</strong></span> <span class='ocrx_word' id='word_1_177' title='bbox 354 1882 470 1936; x_wconf 89' lang='lat' dir='ltr'><strong>subsidio</strong></span> <span class='ocrx_word' id='word_1_178' title='bbox 489 1882 551 1936; x_wconf 89' lang='lat' dir='ltr'><strong>duci</strong></span> <span class='ocrx_word' id='word_1_179' title='bbox 604 1892 684 1964; x_wconf 88' lang='lat' dir='ltr'><strong>ssent,</strong></span> <span class='ocrx_word' id='word_1_180' title='bbox 704 1884 818 1954; x_wconf 83' lang='lat' dir='ltr'><strong>reliquas</strong></span> <span class='ocrx_word' id='word_1_181' title='bbox 837 1901 885 1938; x_wconf 77' lang='lat' dir='ltr'><strong>een</strong></span> <span class='ocrx_word' id='word_1_182' title='bbox 904 1883 1026 1955; x_wconf 87' lang='lat' dir='ltr'><strong>legiones</strong></span> <span class='ocrx_word' id='word_1_183' title='bbox 1044 1902 1089 1954; x_wconf 90' lang='lat' dir='ltr'><strong>pro</strong></span> <span class='ocrx_word' id='word_1_184' title='bbox 1134 1923 1135 1930; x_wconf 62' lang='lat'><strong>.</strong></span> 
     </span>
     <span class='ocr_line' id='line_1_24' title="bbox 171 1951 1131 2024; baseline 0.002 -17"><span class='ocrx_word' id='word_1_185' title='bbox 171 1954 264 2008; x_wconf 88' lang='lat' dir='ltr'><strong>castris</strong></span> <span class='ocrx_word' id='word_1_186' title='bbox 276 1953 301 2006; x_wconf 94' lang='lat' dir='ltr'><strong>in</strong></span> <span class='ocrx_word' id='word_1_187' title='bbox 314 1953 372 2004; x_wconf 89' lang='lat' dir='ltr'><strong>acie</strong></span> <span class='ocrx_word' id='word_1_188' title='bbox 390 1951 533 2006; x_wconf 88' lang='lat' dir='ltr'><strong>constituit.</strong></span> <span class='ocrx_word' id='word_1_189' title='bbox 594 1962 666 2007; x_wconf 89' lang='lat' dir='ltr'><strong>ostes</strong></span> <span class='ocrx_word' id='word_1_190' title='bbox 677 1962 743 2007; x_wconf 89' lang='lat' dir='ltr'><strong>rtem</strong></span> <span class='ocrx_word' id='word_1_191' title='bbox 755 1971 817 2008; x_wconf 81' lang='lat' dir='ltr'><strong>suas</strong></span> <span class='ocrx_word' id='word_1_192' title='bbox 835 1953 926 2024; x_wconf 90' lang='lat' dir='ltr'><strong>copias</strong></span> <span class='ocrx_word' id='word_1_193' title='bbox 943 1969 978 2008; x_wconf 87' lang='lat' dir='ltr'><strong>ex</strong></span> <span class='ocrx_word' id='word_1_194' title='bbox 996 1956 1089 2009; x_wconf 88' lang='lat' dir='ltr'><strong>castris</strong></span> <span class='ocrx_word' id='word_1_195' title='bbox 1128 1967 1131 1972; x_wconf 87' lang='lat'>&#39;</span> 
     </span>
     <span class='ocr_line' id='line_1_25' title="bbox 171 2021 478 2076; baseline -0.007 0"><span class='ocrx_word' id='word_1_196' title='bbox 171 2022 283 2076; x_wconf 88' lang='lat' dir='ltr'><strong>eductas</strong></span> <span class='ocrx_word' id='word_1_197' title='bbox 295 2021 478 2075; x_wconf 79' lang='lat' dir='ltr'><strong>instruxerant.</strong></span> 
     </span>
    </p>

    <p class='ocr_par' dir='ltr' id='par_1_7' title="bbox 170 2092 1135 2426">
     <span class='ocr_line' id='line_1_26' title="bbox 206 2092 1135 2162; baseline 0.005 -18"><span class='ocrx_word' id='word_1_198' title='bbox 206 2096 231 2145; x_wconf 85' lang='lat'><strong>9.</strong></span> <span class='ocrx_word' id='word_1_199' title='bbox 259 2092 338 2145; x_wconf 90' lang='lat' dir='ltr'><strong>Palus</strong></span> <span class='ocrx_word' id='word_1_200' title='bbox 362 2100 418 2144; x_wconf 88' lang='lat' dir='ltr'><strong>erat</strong></span> <span class='ocrx_word' id='word_1_201' title='bbox 441 2109 493 2145; x_wconf 94' lang='lat' dir='ltr'><strong>non</strong></span> <span class='ocrx_word' id='word_1_202' title='bbox 515 2108 613 2161; x_wconf 82' lang='lat' dir='ltr'><strong>magna</strong></span> <span class='ocrx_word' id='word_1_203' title='bbox 634 2093 702 2146; x_wconf 88' lang='lat' dir='ltr'><strong>inter</strong></span> <span class='ocrx_word' id='word_1_204' title='bbox 724 2101 844 2147; x_wconf 90' lang='lat' dir='ltr'><strong>nostrum</strong></span> <span class='ocrx_word' id='word_1_205' title='bbox 866 2102 948 2162; x_wconf 88' lang='lat' dir='ltr'><strong>atque</strong></span> <span class='ocrx_word' id='word_1_206' title='bbox 972 2095 1089 2148; x_wconf 87' lang='lat' dir='ltr'><strong>hostium</strong></span> <span class='ocrx_word' id='word_1_207' title='bbox 1134 2129 1135 2160; x_wconf 70' lang='lat'><strong>,</strong></span> 
     </span>
     <span class='ocr_line' id='line_1_27' title="bbox 171 2161 1088 2233; baseline 0.001 -16"><span class='ocrx_word' id='word_1_208' title='bbox 171 2163 328 2217; x_wconf 84' lang='lat' dir='ltr'><strong>exercitum.</strong></span> <span class='ocrx_word' id='word_1_209' title='bbox 369 2161 445 2216; x_wconf 87' lang='lat' dir='ltr'><strong>Hanc</strong></span> <span class='ocrx_word' id='word_1_210' title='bbox 464 2162 485 2214; x_wconf 93' lang='lat' dir='ltr'><strong>si</strong></span> <span class='ocrx_word' id='word_1_211' title='bbox 505 2163 585 2216; x_wconf 89' lang='lat' dir='ltr'><strong>nostri</strong></span> <span class='ocrx_word' id='word_1_212' title='bbox 604 2162 752 2233; x_wconf 85' lang='lat' dir='ltr'><strong>transirent,</strong></span> <span class='ocrx_word' id='word_1_213' title='bbox 772 2161 863 2215; x_wconf 85' lang='lat' dir='ltr'><strong>hostes</strong></span> <span class='ocrx_word' id='word_1_214' title='bbox 881 2163 1074 2232; x_wconf 85' lang='lat' dir='ltr'><strong>exspectabant</strong></span> <span class='ocrx_word' id='word_1_215' title='bbox 1080 2181 1088 2233; x_wconf 76' lang='lat'>5</span> 
     </span>
     <span class='ocr_line' id='line_1_28' title="bbox 170 2231 1088 2304; baseline 0.002 -19"><span class='ocrx_word' id='word_1_216' title='bbox 170 2231 251 2286; x_wconf 91' lang='lat' dir='ltr'><strong>nostri</strong></span> <span class='ocrx_word' id='word_1_217' title='bbox 263 2243 363 2300; x_wconf 89' lang='lat' dir='ltr'><strong>autern,</strong></span> <span class='ocrx_word' id='word_1_218' title='bbox 377 2231 399 2284; x_wconf 90' lang='lat' dir='ltr'><strong>si</strong></span> <span class='ocrx_word' id='word_1_219' title='bbox 410 2231 445 2284; x_wconf 89' lang='lat' dir='ltr'><strong>ab</strong></span> <span class='ocrx_word' id='word_1_220' title='bbox 463 2231 516 2284; x_wconf 88' lang='lat' dir='ltr'><strong>illis</strong></span> <span class='ocrx_word' id='word_1_221' title='bbox 527 2231 632 2284; x_wconf 90' lang='lat' dir='ltr'><strong>initium</strong></span> <span class='ocrx_word' id='word_1_222' title='bbox 644 2232 796 2286; x_wconf 84' lang='lat' dir='ltr'><strong>transeundi</strong></span> <span class='ocrx_word' id='word_1_223' title='bbox 808 2233 891 2302; x_wconf 87' lang='lat' dir='ltr'><strong>fieret,</strong></span> <span class='ocrx_word' id='word_1_224' title='bbox 904 2246 934 2286; x_wconf 87' lang='lat' dir='ltr'><strong>ut</strong></span> <span class='ocrx_word' id='word_1_225' title='bbox 947 2233 1088 2304; x_wconf 88' lang='lat' dir='ltr'><strong>impeditos</strong></span> 
     </span>
     <span class='ocr_line' id='line_1_29' title="bbox 170 2301 1087 2372; baseline 0.002 -18"><span class='ocrx_word' id='word_1_226' title='bbox 170 2301 384 2371; x_wconf 83' lang='lat' dir='ltr'><strong>aggrederentur,</strong></span> <span class='ocrx_word' id='word_1_227' title='bbox 394 2301 478 2370; x_wconf 87' lang='lat' dir='ltr'><strong>parati</strong></span> <span class='ocrx_word' id='word_1_228' title='bbox 490 2301 515 2354; x_wconf 92' lang='lat' dir='ltr'><strong>in</strong></span> <span class='ocrx_word' id='word_1_229' title='bbox 529 2301 610 2354; x_wconf 83' lang='lat' dir='ltr'><strong>armis</strong></span> <span class='ocrx_word' id='word_1_230' title='bbox 622 2311 704 2354; x_wconf 87' lang='lat' dir='ltr'><strong>erant.</strong></span> <span class='ocrx_word' id='word_1_231' title='bbox 740 2303 850 2356; x_wconf 88' lang='lat' dir='ltr'><strong>Interim</strong></span> <span class='ocrx_word' id='word_1_232' title='bbox 859 2301 958 2372; x_wconf 92' lang='lat' dir='ltr'><strong>proelio</strong></span> <span class='ocrx_word' id='word_1_233' title='bbox 970 2303 1087 2372; x_wconf 89' lang='lat' dir='ltr'><strong>equestri</strong></span> 
     </span>
     <span class='ocr_line' id='line_1_30' title="bbox 171 2369 1088 2426; baseline 0 0"><span class='ocrx_word' id='word_1_234' title='bbox 171 2372 239 2426; x_wconf 85' lang='lat' dir='ltr'><strong>inter</strong></span> <span class='ocrx_word' id='word_1_235' title='bbox 247 2371 315 2424; x_wconf 85' lang='lat' dir='ltr'><strong>duas</strong></span> <span class='ocrx_word' id='word_1_236' title='bbox 325 2371 398 2424; x_wconf 89' lang='lat' dir='ltr'><strong>acies</strong></span> <span class='ocrx_word' id='word_1_237' title='bbox 409 2369 625 2424; x_wconf 78' lang='lat' dir='ltr'><strong>contendebatur.</strong></span> <span class='ocrx_word' id='word_1_238' title='bbox 661 2370 714 2425; x_wconf 95' lang='lat' dir='ltr'><strong>Ubi</strong></span> <span class='ocrx_word' id='word_1_239' title='bbox 723 2372 809 2425; x_wconf 86' lang='lat' dir='ltr'><strong>neutri</strong></span> <span class='ocrx_word' id='word_1_240' title='bbox 822 2371 976 2426; x_wconf 87' lang='lat' dir='ltr'><strong>transeundi</strong></span> <span class='ocrx_word' id='word_1_241' title='bbox 983 2372 1088 2426; x_wconf 89' lang='lat' dir='ltr'><strong>initium</strong></span> 
     </span>
    </p>
   </div>
   <div class='ocr_carea' id='block_1_3' title="bbox 198 2549 1087 2618">
    <p class='ocr_par' dir='ltr' id='par_1_8' title="bbox 198 2549 1087 2618">
     <span class='ocr_line' id='line_1_31' title="bbox 198 2549 1087 2618; baseline 0.001 -14"><span class='ocrx_word' id='word_1_242' title='bbox 198 2556 255 2604; x_wconf 79' lang='lat' dir='ltr'><strong>¹Ao</strong></span> <span class='ocrx_word' id='word_1_243' title='bbox 265 2555 322 2606; x_wconf 86' lang='lat' dir='ltr'><strong>here</strong></span> <span class='ocrx_word' id='word_1_244' title='bbox 338 2555 446 2618; x_wconf 80' lang='lat' dir='ltr'><strong>significa</strong></span> <span class='ocrx_word' id='word_1_245' title='bbox 459 2560 496 2604; x_wconf 87' lang='lat' dir='ltr'><strong>‘at</strong></span> <span class='ocrx_word' id='word_1_246' title='bbox 507 2549 549 2604; x_wconf 88' lang='lat' dir='ltr'><strong>tho</strong></span> <span class='ocrx_word' id='word_1_247' title='bbox 560 2554 668 2607; x_wconf 81' lang='lat' dir='ltr'><strong>distance</strong></span> <span class='ocrx_word' id='word_1_248' title='bbox 686 2553 729 2612; x_wconf 89' lang='lat' dir='ltr'><strong>of‚’</strong></span> <span class='ocrx_word' id='word_1_249' title='bbox 743 2555 784 2604; x_wconf 92' lang='lat' dir='ltr'><strong>the</strong></span> <span class='ocrx_word' id='word_1_250' title='bbox 801 2556 867 2616; x_wconf 88' lang='lat' dir='ltr'><strong>point</strong></span> <span class='ocrx_word' id='word_1_251' title='bbox 877 2557 944 2618; x_wconf 78' lang='lat' dir='ltr'><strong>from</strong></span> <span class='ocrx_word' id='word_1_252' title='bbox 953 2555 1036 2606; x_wconf 84' lang='lat' dir='ltr'><strong>which</strong></span> <span class='ocrx_word' id='word_1_253' title='bbox 1046 2556 1087 2605; x_wconf 85' lang='lat' dir='ltr'><strong>the</strong></span> 
     </span>
    </p>
   </div>
   <div class='ocr_carea' id='block_1_4' title="bbox 171 2614 1135 2736">
    <p class='ocr_par' dir='ltr' id='par_1_9' title="bbox 171 2614 1135 2736">
     <span class='ocr_line' id='line_1_32' title="bbox 171 2614 1086 2676; baseline 0.001 -12"><span class='ocrx_word' id='word_1_254' title='bbox 171 2614 279 2664; x_wconf 86' lang='lat' dir='ltr'><strong>distance</strong></span> <span class='ocrx_word' id='word_1_255' title='bbox 295 2615 316 2663; x_wconf 93' lang='lat' dir='ltr'><strong>is</strong></span> <span class='ocrx_word' id='word_1_256' title='bbox 331 2615 453 2664; x_wconf 84' lang='lat' dir='ltr'><strong>rechoned</strong></span> <span class='ocrx_word' id='word_1_257' title='bbox 468 2614 542 2676; x_wconf 80' lang='lat' dir='ltr'><strong>being</strong></span> <span class='ocrx_word' id='word_1_258' title='bbox 557 2614 689 2675; x_wconf 72' lang='lat' dir='ltr'><strong>expressed</strong></span> <span class='ocrx_word' id='word_1_259' title='bbox 705 2617 738 2676; x_wconf 91' lang='lat' dir='ltr'><strong>by</strong></span> <span class='ocrx_word' id='word_1_260' title='bbox 750 2615 792 2663; x_wconf 88' lang='lat' dir='ltr'><strong>the</strong></span> <span class='ocrx_word' id='word_1_261' title='bbox 808 2615 918 2664; x_wconf 79' lang='lat' dir='ltr'><strong>distance</strong></span> <span class='ocrx_word' id='word_1_262' title='bbox 933 2614 1008 2664; x_wconf 83' lang='lat' dir='ltr'><strong>itsels.</strong></span> <span class='ocrx_word' id='word_1_263' title='bbox 1040 2615 1086 2665; x_wconf 77' lang='lat' dir='ltr'><strong>Sec</strong></span> 
     </span>
     <span class='ocr_line' id='line_1_33' title="bbox 171 2672 1135 2736; baseline -0.017 -12"><span class='ocrx_word' id='word_1_264' title='bbox 171 2674 240 2734; x_wconf 84' lang='lat' dir='ltr'><strong>ohap.</strong></span> <span class='ocrx_word' id='word_1_265' title='bbox 252 2677 289 2732; x_wconf 82' lang='lat'><strong>30,</strong></span> <span class='ocrx_word' id='word_1_266' title='bbox 302 2674 334 2722; x_wconf 84' lang='lat' dir='ltr'><strong>iv.</strong></span> <span class='ocrx_word' id='word_1_267' title='bbox 345 2678 383 2732; x_wconf 82' lang='lat'><strong>22,</strong></span> <span class='ocrx_word' id='word_1_268' title='bbox 396 2691 419 2723; x_wconf 89' lang='lat' dir='ltr'><strong>v.</strong></span> <span class='ocrx_word' id='word_1_269' title='bbox 431 2678 469 2732; x_wconf 82' lang='lat'><strong>32,</strong></span> <span class='ocrx_word' id='word_1_270' title='bbox 482 2675 514 2723; x_wconf 86' lang='lat' dir='ltr'><strong>vi.</strong></span> <span class='ocrx_word' id='word_1_271' title='bbox 526 2679 548 2724; x_wconf 88' lang='grc'><strong>7.</strong></span> <span class='ocrx_word' id='word_1_272' title='bbox 858 2672 874 2714; x_wconf 72' lang='lat' dir='ltr'><strong>t</strong></span> <span class='ocrx_word' id='word_1_273' title='bbox 1134 2673 1135 2736; x_wconf 73' lang='lat'><strong>,</strong></span> 
     </span>
    </p>
   </div>
   <div class='ocr_carea' id='block_1_5' title="bbox 198 2746 1135 2810">
    <p class='ocr_par' dir='ltr' id='par_1_10' title="bbox 198 2746 1135 2810">
     <span class='ocr_line' id='line_1_34' title="bbox 198 2746 1135 2810; baseline 0.005 -16"><span class='ocrx_word' id='word_1_274' title='bbox 198 2746 312 2795; x_wconf 80' lang='lat' dir='ltr'><strong>&#39;Proelio</strong></span> <span class='ocrx_word' id='word_1_275' title='bbox 323 2747 344 2795; x_wconf 92' lang='lat' dir='ltr'><strong>is</strong></span> <span class='ocrx_word' id='word_1_276' title='bbox 354 2747 396 2796; x_wconf 91' lang='lat' dir='ltr'><strong>the</strong></span> <span class='ocrx_word' id='word_1_277' title='bbox 407 2747 521 2805; x_wconf 77' lang='lat' dir='ltr'><strong>ablativo,</strong></span> <span class='ocrx_word' id='word_1_278' title='bbox 531 2750 683 2810; x_wconf 77' lang='lat' dir='ltr'><strong>supersedere</strong></span> <span class='ocrx_word' id='word_1_279' title='bbox 693 2748 766 2810; x_wconf 81' lang='lat' dir='ltr'><strong>being</strong></span> <span class='ocrx_word' id='word_1_280' title='bbox 776 2747 915 2808; x_wconf 84' lang='lat' dir='ltr'><strong>equivalent</strong></span> <span class='ocrx_word' id='word_1_281' title='bbox 926 2757 952 2796; x_wconf 89' lang='lat' dir='ltr'><strong>to</strong></span> <span class='ocrx_word' id='word_1_282' title='bbox 962 2749 1085 2798; x_wconf 77' lang='lat' dir='ltr'><strong>abstisere.</strong></span> <span class='ocrx_word' id='word_1_283' title='bbox 1134 2787 1135 2810; x_wconf 79' lang='lat'><strong>,</strong></span> 
     </span>
    </p>
   </div>
   <div class='ocr_carea' id='block_1_6' title="bbox 170 2818 1087 2941">
    <p class='ocr_par' dir='ltr' id='par_1_11' title="bbox 170 2818 1087 2941">
     <span class='ocr_line' id='line_1_35' title="bbox 198 2818 1087 2884; baseline 0.004 -16"><span class='ocrx_word' id='word_1_284' title='bbox 198 2818 277 2868; x_wconf 76' lang='lat' dir='ltr'><strong>&#39;Loco</strong></span> <span class='ocrx_word' id='word_1_285' title='bbox 291 2829 421 2882; x_wconf 73' lang='lat' dir='ltr'><strong>opportum</strong></span> <span class='ocrx_word' id='word_1_286' title='bbox 435 2829 506 2880; x_wconf 82' lang='lat' dir='ltr'><strong>atque</strong></span> <span class='ocrx_word' id='word_1_287' title='bbox 520 2821 602 2870; x_wconf 61' lang='lat' dir='ltr'><strong>moneo</strong></span> <span class='ocrx_word' id='word_1_288' title='bbox 618 2822 639 2870; x_wconf 91' lang='lat' dir='ltr'><strong>is</strong></span> <span class='ocrx_word' id='word_1_289' title='bbox 655 2837 685 2869; x_wconf 88' lang='lat' dir='ltr'><strong>arr</strong></span> <span class='ocrx_word' id='word_1_290' title='bbox 704 2821 809 2870; x_wconf 81' lang='lat' dir='ltr'><strong>ablativa</strong></span> <span class='ocrx_word' id='word_1_291' title='bbox 827 2821 947 2878; x_wconf 88' lang='lat' dir='ltr'><strong>obsolute,</strong></span> <span class='ocrx_word' id='word_1_292' title='bbox 965 2820 1001 2870; x_wconf 83' lang='lat' dir='ltr'><strong>sor</strong></span> <span class='ocrx_word' id='word_1_293' title='bbox 1016 2837 1087 2884; x_wconf 72' lang='lat' dir='ltr'><strong>quon</strong></span> 
     </span>
     <span class='ocr_line' id='line_1_36' title="bbox 170 2879 856 2941; baseline -0.001 -13"><span class='ocrx_word' id='word_1_294' title='bbox 170 2880 233 2928; x_wconf 73' lang='lat' dir='ltr'><strong>locos</strong></span> <span class='ocrx_word' id='word_1_295' title='bbox 244 2888 389 2941; x_wconf 82' lang='lat' dir='ltr'><strong>opportunos</strong></span> <span class='ocrx_word' id='word_1_296' title='bbox 400 2888 470 2940; x_wconf 83' lang='lat' dir='ltr'><strong>atque</strong></span> <span class='ocrx_word' id='word_1_297' title='bbox 480 2881 579 2928; x_wconf 56' lang='lat' dir='ltr'><strong>mneos</strong></span> <span class='ocrx_word' id='word_1_298' title='bbox 591 2889 658 2930; x_wconf 77' lang='lat' dir='ltr'><strong>esset.</strong></span> <span class='ocrx_word' id='word_1_299' title='bbox 690 2879 737 2928; x_wconf 85' lang='lat' dir='ltr'><strong>See</strong></span> <span class='ocrx_word' id='word_1_300' title='bbox 749 2881 780 2929; x_wconf 89' lang='lat' dir='ltr'><strong>iv.</strong></span> <span class='ocrx_word' id='word_1_301' title='bbox 792 2879 808 2928; x_wconf 86' lang='lat' dir='ltr'><strong>l.</strong></span> <span class='ocrx_word' id='word_1_302' title='bbox 820 2882 856 2928; x_wconf 78' lang='lat'><strong>24.</strong></span> 
     </span>
    </p>
   </div>
   <div class='ocr_carea' id='block_1_7' title="bbox 170 2951 1135 3132">
    <p class='ocr_par' dir='ltr' id='par_1_12' title="bbox 170 2951 1135 3132">
     <span class='ocr_line' id='line_1_37' title="bbox 172 2951 1084 3062; baseline 0.003 -63"><span class='ocrx_word' id='word_1_303' title='bbox 172 3012 177 3019; x_wconf 34' lang='grc' dir='ltr'>Ι</span> <span class='ocrx_word' id='word_1_304' title='bbox 199 2952 340 3022; x_wconf 63' lang='lat' dir='ltr'><strong>⁴3idoersns</strong></span> <span class='ocrx_word' id='word_1_305' title='bbox 352 2951 409 2999; x_wconf 90' lang='lat' dir='ltr'><strong>here</strong></span> <span class='ocrx_word' id='word_1_306' title='bbox 420 2951 441 3000; x_wconf 91' lang='lat' dir='ltr'><strong>is</strong></span> <span class='ocrx_word' id='word_1_307' title='bbox 452 2967 483 3000; x_wconf 85' lang='lat' dir='ltr'><strong>an</strong></span> <span class='ocrx_word' id='word_1_308' title='bbox 493 2951 612 3022; x_wconf 77' lang='lat' dir='ltr'><strong>adjective</strong></span> <span class='ocrx_word' id='word_1_309' title='bbox 623 2953 755 3062; x_wconf 68' lang='lat' dir='ltr'><strong>belonqing</strong></span> <span class='ocrx_word' id='word_1_310' title='bbox 765 2964 790 3002; x_wconf 87' lang='lat' dir='ltr'><strong>to</strong></span> <span class='ocrx_word' id='word_1_311' title='bbox 800 2955 875 3011; x_wconf 84' lang='lat' dir='ltr'><strong>collis,</strong></span> <span class='ocrx_word' id='word_1_312' title='bbox 886 2951 980 3022; x_wconf 79' lang='lat' dir='ltr'><strong>though</strong></span> <span class='ocrx_word' id='word_1_313' title='bbox 991 2952 1016 3000; x_wconf 91' lang='lat' dir='ltr'><strong>in</strong></span> <span class='ocrx_word' id='word_1_314' title='bbox 1026 2953 1084 3002; x_wconf 82' lang='lat' dir='ltr'><strong>real·</strong></span> 
     </span>
     <span class='ocr_line' id='line_1_38' title="bbox 170 3001 1135 3079; baseline 0.003 -20"><span class='ocrx_word' id='word_1_315' title='bbox 170 3021 206 3073; x_wconf 87' lang='lat' dir='ltr'><strong>rty</strong></span> <span class='ocrx_word' id='word_1_316' title='bbox 216 3020 235 3060; x_wconf 88' lang='lat' dir='ltr'><strong>rt</strong></span> <span class='ocrx_word' id='word_1_317' title='bbox 246 3011 337 3070; x_wconf 86' lang='lat' dir='ltr'><strong>spplres</strong></span> <span class='ocrx_word' id='word_1_318' title='bbox 348 3011 406 3079; x_wconf 82' lang='lat' dir='ltr'><strong>qnly</strong></span> <span class='ocrx_word' id='word_1_319' title='bbox 417 3020 442 3060; x_wconf 93' lang='lat' dir='ltr'><strong>to</strong></span> <span class='ocrx_word' id='word_1_320' title='bbox 453 3027 468 3059; x_wconf 89' lang='lat' dir='ltr'><strong>s</strong></span> <span class='ocrx_word' id='word_1_321' title='bbox 478 3022 530 3070; x_wconf 88' lang='lat' dir='ltr'><strong>part</strong></span> <span class='ocrx_word' id='word_1_322' title='bbox 541 3011 570 3060; x_wconf 85' lang='lat' dir='ltr'><strong>of</strong></span> <span class='ocrx_word' id='word_1_323' title='bbox 576 3022 610 3072; x_wconf 86' lang='lat' dir='ltr'><strong>rt;</strong></span> <span class='ocrx_word' id='word_1_324' title='bbox 628 3028 698 3062; x_wconf 88' lang='lat' dir='ltr'><strong>name</strong></span> <span class='ocrx_word' id='word_1_325' title='bbox 710 3027 734 3074; x_wconf 84' lang='lat' dir='ltr'><strong>y,</strong></span> <span class='ocrx_word' id='word_1_326' title='bbox 746 3012 798 3061; x_wconf 89' lang='lat' dir='ltr'><strong>that</strong></span> <span class='ocrx_word' id='word_1_327' title='bbox 810 3021 863 3074; x_wconf 88' lang='lat' dir='ltr'><strong>part</strong></span> <span class='ocrx_word' id='word_1_328' title='bbox 874 3011 955 3060; x_wconf 79' lang='lat' dir='ltr'><strong>which</strong></span> <span class='ocrx_word' id='word_1_329' title='bbox 965 3011 1035 3061; x_wconf 83' lang='lat' dir='ltr'><strong>soced</strong></span> <span class='ocrx_word' id='word_1_330' title='bbox 1044 3012 1085 3062; x_wconf 79' lang='lat' dir='ltr'><strong>tha</strong></span> <span class='ocrx_word' id='word_1_331' title='bbox 1134 3001 1135 3074; x_wconf 75' lang='lat' dir='ltr'><strong>l</strong></span> 
     </span>
     <span class='ocr_line' id='line_1_39' title="bbox 170 3069 526 3132; baseline -0.006 -12"><span class='ocrx_word' id='word_1_332' title='bbox 170 3081 266 3132; x_wconf 78' lang='lat' dir='ltr'><strong>enemy.</strong></span> <span class='ocrx_word' id='word_1_333' title='bbox 299 3069 422 3126; x_wconf 57' lang='lat' dir='ltr'><strong>Secum,</strong></span> <span class='ocrx_word' id='word_1_334' title='bbox 436 3073 526 3118; x_wconf 84' lang='lat' dir='ltr'><strong>note3.</strong></span> 
     </span>
    </p>
   </div>
   <div class='ocr_carea' id='block_1_8' title="bbox 200 3144 1135 3207">
    <p class='ocr_par' dir='ltr' id='par_1_13' title="bbox 200 3144 1135 3207">
     <span class='ocr_line' id='line_1_40' title="bbox 200 3144 1135 3207; baseline 0.002 -15"><span class='ocrx_word' id='word_1_335' title='bbox 200 3144 335 3204; x_wconf 77' lang='lat' dir='ltr'><strong>⁵Nurne1y,</strong></span> <span class='ocrx_word' id='word_1_336' title='bbox 348 3144 375 3191; x_wconf 82' lang='lat' dir='ltr'><strong>in</strong></span> <span class='ocrx_word' id='word_1_337' title='bbox 386 3145 566 3206; x_wconf 75' lang='lat' dir='ltr'><strong>hrogdadinom,</strong></span> <span class='ocrx_word' id='word_1_338' title='bbox 578 3160 606 3193; x_wconf 92' lang='lat' dir='ltr'><strong>or</strong></span> <span class='ocrx_word' id='word_1_339' title='bbox 616 3145 641 3193; x_wconf 94' lang='lat' dir='ltr'><strong>in</strong></span> <span class='ocrx_word' id='word_1_340' title='bbox 651 3144 743 3207; x_wconf 83' lang='lat' dir='ltr'><strong>length.</strong></span> <span class='ocrx_word' id='word_1_341' title='bbox 1134 3149 1135 3202; x_wconf 76' lang='lat' dir='ltr'><strong>i</strong></span> 
     </span>
    </p>
   </div>
   <div class='ocr_carea' id='block_1_9' title="bbox 172 3213 1135 3398">
    <p class='ocr_par' dir='ltr' id='par_1_14' title="bbox 172 3213 1135 3398">
     <span class='ocr_line' id='line_1_41' title="bbox 199 3213 1135 3280; baseline 0.001 -15"><span class='ocrx_word' id='word_1_342' title='bbox 199 3219 209 3247; x_wconf 80' lang='lat'><strong>⁰</strong></span> <span class='ocrx_word' id='word_1_343' title='bbox 218 3217 274 3266; x_wconf 83' lang='lat' dir='ltr'><strong>The</strong></span> <span class='ocrx_word' id='word_1_344' title='bbox 284 3226 408 3274; x_wconf 82' lang='lat' dir='ltr'><strong>tormento,</strong></span> <span class='ocrx_word' id='word_1_345' title='bbox 421 3217 446 3266; x_wconf 91' lang='lat' dir='ltr'><strong>in</strong></span> <span class='ocrx_word' id='word_1_346' title='bbox 456 3217 551 3267; x_wconf 87' lang='lat' dir='ltr'><strong>ancient</strong></span> <span class='ocrx_word' id='word_1_347' title='bbox 561 3218 670 3276; x_wconf 79' lang='lat' dir='ltr'><strong>moriare,</strong></span> <span class='ocrx_word' id='word_1_348' title='bbox 681 3233 737 3280; x_wconf 86' lang='lat' dir='ltr'><strong>may</strong></span> <span class='ocrx_word' id='word_1_349' title='bbox 745 3221 776 3267; x_wconf 91' lang='lat' dir='ltr'><strong>be</strong></span> <span class='ocrx_word' id='word_1_350' title='bbox 785 3217 914 3278; x_wconf 77' lang='lat' dir='ltr'><strong>compared</strong></span> <span class='ocrx_word' id='word_1_351' title='bbox 922 3227 948 3267; x_wconf 90' lang='lat' dir='ltr'><strong>to</strong></span> <span class='ocrx_word' id='word_1_352' title='bbox 956 3233 1000 3272; x_wconf 89' lang='lat' dir='ltr'><strong>our</strong></span> <span class='ocrx_word' id='word_1_353' title='bbox 1007 3217 1053 3267; x_wconf 85' lang='lat' dir='ltr'><strong>has</strong></span> <span class='ocrx_word' id='word_1_354' title='bbox 1134 3213 1135 3236; x_wconf 49' lang='lat' dir='ltr'><strong>l</strong></span> 
     </span>
     <span class='ocr_line' id='line_1_42' title="bbox 172 3275 1068 3340; baseline 0.006 -18"><span class='ocrx_word' id='word_1_355' title='bbox 172 3275 288 3336; x_wconf 75' lang='lat' dir='ltr'><strong>ardllery,</strong></span> <span class='ocrx_word' id='word_1_356' title='bbox 301 3275 337 3325; x_wconf 84' lang='lat' dir='ltr'><strong>sor</strong></span> <span class='ocrx_word' id='word_1_357' title='bbox 353 3277 411 3338; x_wconf 83' lang='lat' dir='ltr'><strong>they</strong></span> <span class='ocrx_word' id='word_1_358' title='bbox 422 3277 544 3326; x_wconf 85' lang='lat' dir='ltr'><strong>consisted</strong></span> <span class='ocrx_word' id='word_1_359' title='bbox 560 3276 588 3326; x_wconf 81' lang='lat' dir='ltr'><strong>ot‘</strong></span> <span class='ocrx_word' id='word_1_360' title='bbox 600 3279 700 3339; x_wconf 82' lang='lat' dir='ltr'><strong>engines</strong></span> <span class='ocrx_word' id='word_1_361' title='bbox 716 3279 750 3339; x_wconf 90' lang='lat' dir='ltr'><strong>by</strong></span> <span class='ocrx_word' id='word_1_362' title='bbox 760 3277 841 3326; x_wconf 86' lang='lat' dir='ltr'><strong>which</strong></span> <span class='ocrx_word' id='word_1_363' title='bbox 857 3277 923 3340; x_wconf 79' lang='lat' dir='ltr'><strong>largo</strong></span> <span class='ocrx_word' id='word_1_364' title='bbox 938 3286 1023 3326; x_wconf 86' lang='lat' dir='ltr'><strong>stoues</strong></span> <span class='ocrx_word' id='word_1_365' title='bbox 1038 3291 1068 3328; x_wconf 86' lang='lat' dir='ltr'><strong>au</strong></span> 
     </span>
     <span class='ocr_line' id='line_1_43' title="bbox 172 3333 851 3398; baseline 0.004 -17"><span class='ocrx_word' id='word_1_366' title='bbox 172 3333 281 3383; x_wconf 85' lang='lat' dir='ltr'><strong>showers</strong></span> <span class='ocrx_word' id='word_1_367' title='bbox 292 3335 320 3384; x_wconf 83' lang='lat' dir='ltr'><strong>os</strong></span> <span class='ocrx_word' id='word_1_368' title='bbox 326 3351 416 3384; x_wconf 85' lang='lat' dir='ltr'><strong>arrows</strong></span> <span class='ocrx_word' id='word_1_369' title='bbox 427 3351 491 3386; x_wconf 85' lang='lat' dir='ltr'><strong>wera</strong></span> <span class='ocrx_word' id='word_1_370' title='bbox 503 3337 598 3386; x_wconf 80' lang='lat' dir='ltr'><strong>thrown</strong></span> <span class='ocrx_word' id='word_1_371' title='bbox 609 3337 703 3398; x_wconf 76' lang='lat' dir='ltr'><strong>against</strong></span> <span class='ocrx_word' id='word_1_372' title='bbox 714 3353 746 3386; x_wconf 87' lang='lat' dir='ltr'><strong>an</strong></span> <span class='ocrx_word' id='word_1_373' title='bbox 756 3351 851 3398; x_wconf 85' lang='lat' dir='ltr'><strong>enemy.</strong></span> 
     </span>
    </p>
   </div>
   <div class='ocr_carea' id='block_1_10' title="bbox 0 0 1156 3796">
    <p class='ocr_par' dir='ltr' id='par_1_15' title="bbox 0 0 1156 3796">
     <span class='ocr_line' id='line_1_44' title="bbox 0 0 1156 3796; baseline 0 0"><span class='ocrx_word' id='word_1_374' title='bbox 0 0 1156 3796; x_wconf 95' lang='lat' dir='ltr'><strong> </strong></span> 
     </span>
    </p>
   </div>
  </div>
 </body>
</html>
