2268 3786
432 295 525 338 ann
544 295 584 338 rr.
920 279 977 340 lut»

55 407 86 462 ad
103 408 176 462 duas
193 405 409 478 transportandas
425 405 544 476 legiones
561 403 738 474 existimabat,
752 405 821 476 quod
839 414 978 528 praeterea

54 479 166 532 uarium
192 477 330 546 longarum
354 475 478 546 habebat,
498 475 638 546 quaestori,
657 473 752 543 legatis
775 477 978 548 praeeatisque¹

54 546 200 602 distribuit.
248 547 307 600 llrro
336 545 501 598 accedebant
524 555 604 598 arm:
628 545 763 598 onerariae
792 561 883 618 nares,
908 563 978 618 quae

54 635 87 671 ex
104 633 139 670 eo
158 617 227 668 loeo’
243 617 279 670 ab
298 615 405 669 milibus
422 631 550 685 passuum
572 621 631 668 octo
650 621 729 666 rento
746 614 911 686 tenebantur,
944 627 978 672 uo

54 688 146 740 minus
162 685 190 738 in
207 685 326 738 eundem
341 693 447 755 portum
458 684 549 748 venire
565 693 688 764 possent:
706 684 756 737 has
772 700 788 737 e
807 685 908 739 ultibus
924 633 977 741 dis·

54 757 157 809 tribuit.
194 755 336 824 Reliquum
360 753 508 808 exereitum
525 753 624 812 Qumlo
642 753 742 806 Titurio
767 753 800 807 Sa
820 755 864 809 ino
882 765 908 810 et
926 757 975 811 Lu·
995 777 999 784 ·

54 827 94 878 oio
118 825 305 878 Aurunculeio
329 825 421 877 Cottae
446 823 541 892 legatis
564 823 590 875 in
614 823 755 894 Menapios
776 833 858 895 atque
881 826 909 879 in
932 843 978 880 eos

54 912 139 964 pagos
163 895 336 962 Morinorum,
355 893 391 947 ab
425 892 506 946 uibus
527 892 561 945 ad
586 909 650 946 eum
672 891 755 962 legati
772 909 823 947 nen
843 906 976 968 venerant,

55 963 213 1017 ducendum
238 963 328 1032 dedit,
352 911 475 1016 Pubhum
494 961 643 1034 Sulpicium
660 961 759 1016 Rufum
777 961 897 1032 legatum
915 979 978 1022 oum

56 1051 87 1114 eo
111 1033 256 1114 praesidio,
280 1033 350 1102 quod
376 1033 441 1086 satis
463 1048 524 1085 esse
552 1030 735 1102 arbitrabatur,
759 1043 865 1103 portum
888 1044 978 1090 tenere

66 1113 144 1157 ussat.

54 1121 63 1174 J
91 1177 136 1225 23.
155 1172 206 1225 llis
223 1172 373 1225 constitutis
389 1170 470 1224 rebus
486 1176 581 1224 nactus
604 1170 729 1226 idoneam
746 1172 780 1225 acl
799 1174 978 1244 norigaudum

56 1251 250 1312 tempestatem
263 1241 339 1294 tertia
351 1241 405 1293 lere
418 1240 510 1310 vigilia
521 1240 782 1312 solvit‚⁸equitesque
791 1244 818 1297 in
827 1243 979 1302 ulteriorem

56 1321 165 1384 portum
184 1310 305 1382 progredi
323 1319 350 1364 et
368 1327 451 1364 neres
467 1310 646 1364 conscendere
659 1319 728 1364 etse
740 1315 816 1381 sequi
832 1312 917 1382 jussit.
953 1317 979 1370 Α

56 1382 158 1452 quibus
184 1397 247 1434 curu
272 1379 351 1450 paulo
378 1379 478 1434 tardius
501 1387 573 1433 esset
598 1379 820 1462 administratum,
841 1383 897 1453 ipse
914 1382 979 1438 bora

57 1451 165 1505 circiter
183 1450 236 1504 diei
261 1459 354 1519 quarta
378 1449 551 1572 cumprimis
573 1449 687 1503 navibus
704 1449 867 1505 Britanniam
883 1453 977 1524 attigit,

56 1529 141 1592 atque
159 1519 196 1572 ibi
215 1519 242 1573 in
260 1519 384 1572 omuibus
400 1518 460 1572 colli
481 1536 514 1572 us
530 1520 674 1590 errpositas⁴
690 1518 807 1573 hostium
830 1522 922 1590 copias
938 1539 978 1576 ar·

57 1600 148 1644 matas
171 1590 318 1659 conspexit.
354 1588 437 1659 Cujus
460 1589 511 1642 loci
535 1588 603 1642 haee
632 1597 688 1642 erat
712 1597 813 1660 natura,
838 1600 918 1660 atque
941 1591 979 1645 ita

56 1659 197 1714 montibus
218 1660 337 1728 angustis
360 1675 433 1712 mare
456 1658 647 1726 continebatur,
666 1657 704 1711 uti
723 1674 757 1711 ex
775 1657 840 1712 locis
862 1659 978 1732 superio·

57 1730 134 1783 ribus
157 1729 184 1782 in
207 1729 270 1781 litus
292 1726 377 1780 telum
398 1727 471 1797 adigi
494 1735 592 1798 posset.
628 1727 705 1782 Hunc
727 1727 763 1781 ad
786 1727 979 1798 egrediendum

56 1813 229 1869 nequaquam
253 1797 377 1850 idoneum
401 1796 489 1851 locum
507 1797 657 1868 arbitratus,
676 1796 742 1852 dum
760 1797 878 1868 reliquae
895 1815 979 1855 naves

56 1885 89 1921 ee
120 1869 300 1938 convenirent,
323 1866 357 1919 ad
387 1865 479 1920 horam
508 1870 615 1921 nonaru'
636 1867 663 1922 in
686 1868 789 1922 ancoris
818 1870 977 1940 expectavit.

56 1939 170 1992 Interim
193 1937 289 2008 legatis
312 1936 477 2006 tribunisque
499 1937 613 1990 militum
632 1938 784 1991 convocatis
801 1950 828 1991 et
851 1955 921 2010 quae
944 1955 979 1996 ex

55 2007 193 2061 Voluseno
210 2015 356 2077 cognosset,
375 2013 402 2058 et
419 2023 488 2078 quae
506 2005 562 2059 lieri
580 2006 669 2077 vellet,
682 2008 796 2061 ostendit
813 2010 977 2080 monuitque,

55 2087 85 2131 ut
116 2077 155 2130 rei
185 2075 307 2130 militaris
336 2075 407 2144 ratio,
431 2075 549 2128 maxime
573 2084 601 2128 ut
625 2077 774 2130 maritimas
798 2094 841 2130 res
863 2079 978 2148 postula·

56 2154 123 2217 rent,
143 2156 172 2199 ut
191 2144 281 2218 [quae]
300 2145 417 2198 celerem
439 2155 520 2216 atque
543 2145 696 2200 instabilem
719 2153 821 2201 motum
840 2147 977 2220 haberent,

54 2217 90 2269 ad
110 2225 206 2270 nutum
223 2223 250 2268 et
267 2214 300 2267 ad
319 2223 427 2284 tempus
450 2230 544 2267 omnes
560 2231 604 2268 res
620 2215 655 2270 ab
672 2215 710 2268 iis.
722 2215 977 2273 administrarentur.

55 2285 107 2338 His
124 2285 242 2338 dimissis
260 2293 287 2337 et
304 2293 416 2337 ventum
433 2293 461 2337 et
478 2291 584 2338 aeuum
606 2299 659 2338 uno
683 2293 802 2356 tempore
825 2295 919 2340 nactus
936 2305 977 2342 se·

55 2353 178 2408 cundum
190 2353 252 2407 dato
270 2354 344 2422 signo
362 2363 389 2406 et
408 2353 520 2407 sublatis
531 2353 635 2407 ancoris
645 2354 750 2408 circiter
761 2354 836 2408 milia
848 2373 978 2426 passuum

85 2575 93 2602 ¹
104 2569 222 2638 Namely‚
235 2568 312 2638 olbis
323 2567 470 2638 auxiliarios,
479 2567 569 2624 whom,
581 2566 678 2616 besides
689 2565 728 2616 bis
738 2577 788 2619 two
798 2567 900 2630 legions,
914 2570 977 2620 Cae·

55 2627 446 2680 sartookwrthhrmtoBrrturn.
517 2677 520 2682 Δ

84 2701 222 2762 ’Namely‚
235 2701 317 2749 where
328 2701 369 2749 the
380 2700 465 2762 eighty
475 2699 543 2770 ships
553 2713 618 2748 wera
629 2699 773 2750 assembled.
800 2702 857 2751 The
867 2703 976 2755 distance

54 2761 223 2873 permeenlthe
233 2770 283 2808 two
294 2760 428 2820 squadrons
439 2775 490 2808 was
500 2759 567 2820 eight
579 2757 698 2809 thousand
708 2774 788 2821 paces.
821 2761 940 2824 Compare
951 2763 976 2814 ii.

73 2834 150 2880 ‚note
181 2856 187 2868 .
540 2846 544 2854 ·

84 2893 222 2954 ‘Nemota
235 2909 317 2950 noces,
332 2892 378 2940 ‘he
389 2904 425 2940 set
437 2891 498 2940 saih'
532 2890 652 2951 Compare
663 2907 686 2941 v.
697 2897 734 2942 23.

85 2982 160 3030 *The
172 2981 239 3029 word
255 2982 370 3043 expositas
386 2995 467 3028 seems
480 2979 538 3026 here
550 2987 574 3026 to
584 2979 686 3028 beused
697 2980 733 3030 lor
742 2983 879 3044 dispositas,
893 2983 935 3030 but
951 2993 975 3032 at

57 3043 98 3090 the
114 3057 183 3090 earne
198 3041 257 3088 time
274 3051 299 3087 to
315 3040 412 3088 contaiu
427 3038 469 3086 the
484 3037 539 3086 idea
555 3038 607 3086 that
623 3039 664 3086 the
680 3048 763 3101 troops
775 3057 840 3090 were
856 3041 976 3092 stationed

56 3102 127 3150 there
144 3115 210 3148 more
222 3098 258 3149 sor
268 3099 309 3148 the
325 3113 427 3158 purpose
443 3095 471 3145 ol
482 3097 586 3167 striking
602 3107 678 3146 terror
694 3099 744 3148 into
760 3101 801 3148 the
819 3101 926 3150 Romans
942 3103 976 3162 by

57 3161 121 3209 their
131 3173 287 3220 appearance,
300 3157 359 3206 than
369 3157 428 3205 with
439 3156 481 3205 the
493 3167 610 3206 intention
621 3156 649 3205 ol
661 3159 766 3220 actually
777 3159 887 3221 fighting.

85 3247 173 3296 ‘That
190 3247 220 3302 is,
238 3246 275 3295 till
292 3247 365 3294 about
381 3244 449 3292 three
465 3243 562 3292 0’cloclr
578 3244 602 3291 in
619 3244 660 3291 the
679 3244 810 3294 asternoou.
842 3245 916 3295 From
934 3247 975 3298 the

59 3307 138 3357 whole
149 3305 304 3365 description,
315 3305 333 3352 it
344 3303 365 3351 is
376 3303 473 3350 evident
485 3300 536 3350 that
546 3301 637 3350 Caesar
645 3313 711 3350 must
722 3302 783 3361 have
795 3303 882 3354 lauded
892 3319 923 3356 οη
933 3306 975 3356 the

58 3375 126 3417 coast
137 3364 166 3415 ol
177 3363 298 3426 Enpland,
310 3365 424 3412 between
433 3359 515 3410 Dever
525 3359 572 3410 and
582 3359 661 3409 South
672 3360 800 3410 Foraland.
