2272 3786
689 155 751 184 „w

144 279 201 340 152
445 298 486 340 aa
507 297 605 342 aauuo
623 295 759 342 mauce.

140 403 228 460 solutu
245 405 273 458 in
290 403 416 460 omuibus
432 405 586 462 civitatibus
601 416 683 476 atque
701 407 728 461 in
745 405 872 462 omuibus
888 407 969 486 pagis
986 408 1069 480 parti·

140 473 263 542 busque,¹
275 473 323 526 sed
335 490 421 543 paene
440 475 524 529 etiam
535 474 562 528 in
575 474 687 544 singulis
697 475 822 530 domibus
839 475 974 530 lactrones
988 484 1068 532 sunt:

139 557 287 611 earumque
307 541 452 596 lactionum
470 543 604 614 principes
620 551 690 614 sunt,
702 544 749 614 qui
769 561 906 601 summam
923 544 1069 598 auctorita·

139 617 194 664 tern
207 626 301 664 eorum
311 609 411 680 judicio
423 609 523 666 habere
541 611 734 684 existimantur,
744 612 912 682 quorum¹ad
924 613 1069 668 arbitrium

142 677 324 748 'udiciurnque
343 697 450 734 summa
467 680 587 734 omnium
609 697 698 735 rerum
716 681 949 750 consiliorumque¹
963 681 1067 736 redeat.

151 746 222 817 dque
243 748 302 818 ejus
322 747 359 801 rei
379 765 461 802 eausa
480 749 628 818 antiquitus
642 749 792 804 institutum
813 749 928 819 videtur,
946 766 985 804 ne
1003 751 1067 820 quis

138 833 173 870 ex
185 816 264 886 plebe
276 825 366 869 contra
373 817 549 886 potentiorem
560 817 653 872 auxilii
665 827 755 886 egeret
763 837 771 873 ,ε
789 833 851 872 suos
863 819 938 872 enim
967 818 1066 888 uisque

137 885 250 1006 opprimi
270 893 297 938 et
316 887 502 940 circumveniri
522 903 574 940 uon
592 887 699 966 patitur,
716 903 813 956 neque,
829 886 907 940 aliter
919 835 1065 957 siiaciaut,

138 953 222 1008 ulam
234 955 302 1007 inter
314 970 377 1007 suos
390 953 490 1008 habent
502 964 697 1010 auctoritatem.
733 955 808 1009 llaec
826 955 924 1010 eadem
943 957 1013 1009 ratio
1024 965 1066 1010 est

138 1023 165 1076 in
183 1039 290 1076 sumrna
309 1023 390 1078 totius
407 1023 538 1077 Galliae:¹
548 1040 666 1094 namque
686 1039 781 1080 ornnes
798 1023 922 1081 civitates
933 1023 963 1078 in
974 1032 1066 1095 partes

137 1090 240 1144 divisae
252 1101 313 1144 sunt
325 1091 402 1145 duas.
955 1134 958 1138 -
1025 1139 1029 1152 .

176 1164 215 1212 12.
234 1160 324 1220 Quum
342 1161 441 1214 Caesar
458 1159 486 1214 in
502 1159 618 1215 Galliam
630 1161 711 1231 venit,
723 1155 834 1220 alterins
851 1159 979 1215 lectionis
996 1163 1065 1232 priu-

137 1227 162 1280 ci
199 1245 213 1280 s
231 1236 305 1282 erant
319 1229 414 1298 Aedui,
426 1229 537 1283 alterius
554 1229 689 1309 Sequnni.⁸
723 1229 758 1282 Hi
774 1245 859 1299 quum
870 1229 1065 1299 perseminus

137 1245 264 1368 migrent,
283 1297 355 1367 quod
375 1315 482 1354 summa
500 1307 644 1352 auctoritas
662 1298 810 1368 antiquitus
832 1305 889 1351 erat
908 1298 938 1352 in
957 1298 1064 1352 Aeduis

136 1383 304 1438 magnaeque
323 1383 415 1422 eorum
433 1374 508 1420 eraut
526 1367 676 1437 clientelae,
688 1367 836 1420 Germanos
849 1374 932 1445 atque
943 1365 1063 1420 Ariovis-

137 1443 195 1489 tum
208 1434 259 1488 sibi
277 1430 453 1505 adjunxerant
471 1451 570 1506 eosque
586 1436 621 1488 ad
634 1452 664 1490 se
681 1435 786 1504 magnis
802 1435 923 1504 jaetuna‘
933 1434 1062 1504 pollicita·

137 1503 306 1574 tionibusque
330 1504 516 1574 perduxerant.
560 1505 671 1563 Proeliis
689 1520 752 1558 vero
775 1502 960 1572 compluribus
984 1503 1062 1558 sactis

137 1572 262 1627 secundis
279 1582 360 1643 atque
378 1575 451 1636 omni
468 1571 606 1626 nobilitate
621 1572 777 1628 Aeduorum
794 1571 943 1642 interiecta,
956 1579 1061 1628 tantum

171 1643 254 1695 tentia
270 1649 475 1710 antecesserant,
490 1651 518 1694 ut
536 1659 662 1710 magnam
680 1649 785 1710 partem
802 1640 942 1694 clientium
959 1641 998 1694 ab
1009 1643 1061 1695 Ae·

156 1711 197 1764 uis
214 1711 249 1764 ad
269 1728 298 1764 se
318 1710 520 1764 transducerent
539 1709 701 1780 obsidesque
719 1708 755 1762 ab
772 1709 806 1762 iis
822 1708 975 1779 principum
993 1709 1062 1764 filios

136 1779 290 1858 acciperent
302 1787 329 1831 et
341 1777 449 1847 publice
460 1778 548 1848 jurare
560 1787 693 1848 cogerent,
701 1777 770 1832 nihil
782 1794 812 1830 se
824 1786 916 1830 contra
924 1777 1062 1848 Sequanos

136 1847 238 1900 consilii
256 1847 382 1900 inituros·
401 1855 428 1899 et
446 1856 549 1916 partem
567 1847 673 1901 finitimi
689 1847 746 1914 agri
764 1863 810 1916 per
828 1846 883 1898 vim
901 1855 1061 1917 occupatam

136 1915 302 1985 possiderent
320 1885 477 1986 Galiiaeque
494 1917 575 1969 totius
597 1915 773 2036 principatum
797 1913 954 1976 obtinerent.
1004 1914 1061 1974 Qua
1124 1933 1125 1964 r

694 2001 712 2036 11

135 1984 297 2038 necessitate
308 1982 440 2036 adductus
452 1983 607 2053 Divitiacus,
620 1985 681 2038 auxi
730 1979 838 2054 petendi
852 1999 936 2038 causa
946 1983 1060 2036 Romam
1124 2011 1125 2060 ;

135 2051 169 2105 ad
182 2061 308 2105 senatum
324 2051 466 2122 proiectus,
480 2052 618 2106 insectare
632 2052 754 2106 redierat.
790 2051 928 2106 Adventu⁶
939 2051 1060 2106 Casuaria
1124 2061 1125 2064 ’

135 2119 209 2173 lactu
226 2121 434 2174 commutatione
452 2138 549 2188 rerurn,
562 2121 701 2175 obsidibus
712 2119 815 2174 Aeduis
832 2118 950 2188 redditis,
965 2119 1059 2173 veteri·
1124 2121 1125 2128 ’

135 2189 187 2243 bns
204 2189 336 2242 clientelis
348 2189 485 2259 restitutis,
494 2189 569 2244 novis
581 2207 628 2259 per
639 2189 783 2242 Caesarem
794 2188 964 2258 comparatis,
978 2188 1059 2258 (quod

134 2257 170 2326 hi,
191 2258 236 2327 qui
254 2275 283 2311 se
302 2256 336 2310 ad
355 2275 446 2312 eorum
466 2258 615 2312 amicitiam
632 2274 698 2337 aggr
750 2265 849 2325 verant,
869 2255 980 2309 meliore
998 2271 1058 2310 ccu-

134 2326 235 2380 ditione
246 2335 327 2396 atque
339 2327 463 2396 aequiore
476 2326 586 2396 imperio
598 2342 628 2378 se
639 2335 679 2379 ut1
688 2325 714 2378 ri
734 2325 826 2395 ebant)
843 2322 954 2404 reliquie
976 2325 1056 2378 rebus
1077 2351 1080 2358 ·

134 2411 235 2466 eorum,
262 2397 354 2466 gratia,
384 2395 513 2464 dignitate
539 2393 720 2466 amplificata,'
740 2393 855 2462 Sequani
881 2391 1058 2464 principatum

163 2547 172 2574 ¹
181 2545 236 2594 The
244 2555 326 2608 partes
338 2555 403 2594 must
413 2546 445 2594 be
456 2544 531 2594 taken
541 2560 568 2592 as
578 2543 742 2592 subdivisione
753 2541 781 2590 oi
792 2541 834 2590 the
841 2542 909 2604 pugi.

163 2617 174 2646 ¹
185 2615 291 2678 Quorum
301 2619 412 2667 contains
428 2617 469 2666 the
481 2617 535 2666 ides
544 2616 574 2666 ci-
584 2633 664 2678 qcmn,
677 2615 793 2676 deuoting
804 2628 886 2671 causa,
898 2612 1000 2661 whence
1015 2613 1055 2662 the

133 2677 288 2736 subjunctive
299 2679 386 2724 redeat.

162 2747 248 2796 'That
264 2747 294 2804 is,
307 2747 332 2795 in
348 2747 390 2796 the
409 2747 567 2795 constitution
582 2745 611 2794 oi
622 2745 656 2795 all
671 2744 745 2803 Gaul,
757 2743 910 2805 cousideriug
928 2744 947 2792 it
964 2758 992 2792 aa
1010 2759 1054 2794 ons

133 2817 201 2867 great
212 2815 285 2862 state,
298 2820 325 2854 or
336 2820 363 2852 as
374 2805 473 2854 eunica
483 2803 512 2853 oi
523 2814 608 2855 states.

161 2877 228 2924 ‘See
239 2877 255 2924 i.
264 2879 300 2924 31.

161 2949 295 2997 ‘Jnctrtroe
309 2948 354 2997 hus
369 2947 457 2996 almost
474 2947 516 2996 the
527 2949 641 3009 meaning
651 2949 680 2996 oi
693 2947 836 3007 ‘proseuta'
848 2945 885 2994 scr
895 2945 914 2993 it
925 2944 1026 3014 denote!
1040 2962 1055 2995 a

133 3007 399 3126 lqhqlqiqtbqaeperscn
409 3007 431 3055 is
441 3005 539 3068 obliged
549 3016 576 3055 to
584 3007 679 3055 sustaiu
689 3005 726 3054 sor
736 3005 777 3053 the
788 3019 892 3065 purpose
903 3003 932 3052 oi
943 3019 1054 3066 mcunng

162 3136 306 3192 'Adsentior
324 3135 376 3184 that
388 3135 418 3191 is,
433 3139 471 3183 ‘at
482 3135 524 3183 tbe
534 3136 594 3184 time
605 3133 634 3183 ot'
645 3134 686 3183 the
698 3133 801 3183 arrival!

162 3207 330 3274 '‘Amplificntq
348 3207 369 3254 is
386 3206 445 3274 bera
462 3206 533 3254 made
548 3216 575 3254 to
590 3221 662 3266 agree
670 3205 730 3273 only
740 3205 939 3276 wuithudr'gnitct'e,
952 3205 1050 3276 though,

134 3263 228 3330 strictly
240 3265 366 3334 spealnng.
385 3272 403 3310 rt
418 3265 494 3324 ought
513 3273 539 3311 to
557 3279 571 3312 a
615 3264 704 3332 eprrtb
723 3267 822 3326 relagata
841 3266 917 3322 rebor,
934 3263 963 3314 ot'
972 3265 1052 3316 whrcb

132 3328 214 3380 grotta
224 3319 271 3368 and
280 3324 399 3384 dignante
409 3335 448 3370 are
459 3321 516 3382 only
527 3335 574 3382 exp
630 3331 701 3370 trous.
