<?xml version="1.0" encoding="UTF-8"?>
<!DOCTYPE html PUBLIC "-//W3C//DTD XHTML 1.0 Transitional//EN"
    "http://www.w3.org/TR/xhtml1/DTD/xhtml1-transitional.dtd">
<html xmlns="http://www.w3.org/1999/xhtml" xml:lang="en" lang="en">
 <head>
  <title>
</title>
<meta http-equiv="Content-Type" content="text/html;charset=utf-8" />
  <meta name='ocr-system' content='tesseract 3.04.00' />
  <meta name='ocr-capabilities' content='ocr_page ocr_carea ocr_par ocr_line ocrx_word'/>
</head>
<body>
  <div class='ocr_page' id='page_1' title='image "./cjuliicaesarisc00zumpgoog_0129.png"; bbox 0 0 2272 3786; ppageno 0'>
   <div class='ocr_carea' id='block_1_1' title="bbox 165 285 776 346">
    <p class='ocr_par' dir='ltr' id='par_1_1' title="bbox 165 285 776 346">
     <span class='ocr_line' id='line_1_1' title="bbox 165 285 776 346; baseline -0.003 0"><span class='ocrx_word' id='word_1_1' title='bbox 165 285 222 346; x_wconf 80' lang='grc' dir='ltr'><strong>ιιι</strong></span> <span class='ocrx_word' id='word_1_2' title='bbox 463 301 505 343; x_wconf 79' lang='lat' dir='ltr'><strong>aa</strong></span> <span class='ocrx_word' id='word_1_3' title='bbox 525 301 621 342; x_wconf 79' lang='lat' dir='ltr'><strong>aeneo</strong></span> <span class='ocrx_word' id='word_1_4' title='bbox 642 301 776 345; x_wconf 69' lang='lat' dir='ltr'><strong>ommno.</strong></span> 
     </span>
    </p>
   </div>
   <div class='ocr_carea' id='block_1_2' title="bbox 135 409 1075 2426">
    <p class='ocr_par' dir='ltr' id='par_1_2' title="bbox 159 409 1075 698">
     <span class='ocr_line' id='line_1_2' title="bbox 163 409 1075 483; baseline -0.001 -16"><span class='ocrx_word' id='word_1_5' title='bbox 163 430 229 483; x_wconf 90' lang='lat' dir='ltr'><strong>rum,</strong></span> <span class='ocrx_word' id='word_1_6' title='bbox 243 411 340 466; x_wconf 76' lang='lat' dir='ltr'><strong>Caesar</strong></span> <span class='ocrx_word' id='word_1_7' title='bbox 356 409 463 464; x_wconf 81' lang='lat' dir='ltr'><strong>obsides</strong></span> <span class='ocrx_word' id='word_1_8' title='bbox 479 410 591 480; x_wconf 87' lang='lat' dir='ltr'><strong>imperat</strong></span> <span class='ocrx_word' id='word_1_9' title='bbox 608 427 707 480; x_wconf 84' lang='lat' dir='ltr'><strong>eosque</strong></span> <span class='ocrx_word' id='word_1_10' title='bbox 724 411 758 466; x_wconf 87' lang='lat' dir='ltr'><strong>ad</strong></span> <span class='ocrx_word' id='word_1_11' title='bbox 778 420 879 466; x_wconf 89' lang='lat' dir='ltr'><strong>oertarn</strong></span> <span class='ocrx_word' id='word_1_12' title='bbox 890 411 964 466; x_wconf 90' lang='lat' dir='ltr'><strong>diem</strong></span> <span class='ocrx_word' id='word_1_13' title='bbox 980 411 1075 466; x_wconf 87' lang='lat' dir='ltr'><strong>adduoi</strong></span> 
     </span>
     <span class='ocr_line' id='line_1_3' title="bbox 159 478 1075 552; baseline -0.002 -16"><span class='ocrx_word' id='word_1_14' title='bbox 159 482 250 552; x_wconf 86' lang='lat' dir='ltr'><strong>jubet:</strong></span> <span class='ocrx_word' id='word_1_15' title='bbox 270 481 320 534; x_wconf 90' lang='lat' dir='ltr'><strong>nisi</strong></span> <span class='ocrx_word' id='word_1_16' title='bbox 333 481 369 532; x_wconf 88' lang='lat' dir='ltr'><strong>ita</strong></span> <span class='ocrx_word' id='word_1_17' title='bbox 381 479 498 549; x_wconf 76' lang='lat' dir='ltr'>fecerint,</span> <span class='ocrx_word' id='word_1_18' title='bbox 511 497 571 534; x_wconf 81' lang='lat' dir='ltr'><strong>aeae</strong></span> <span class='ocrx_word' id='word_1_19' title='bbox 583 478 653 534; x_wconf 93' lang='lat' dir='ltr'><strong>bello</strong></span> <span class='ocrx_word' id='word_1_20' title='bbox 665 481 801 534; x_wconf 79' lang='lat' dir='ltr'><strong>civitatem</strong></span> <span class='ocrx_word' id='word_1_21' title='bbox 818 493 1019 550; x_wconf 77' lang='lat' dir='ltr'><strong>persecuturum</strong></span> <span class='ocrx_word' id='word_1_22' title='bbox 1032 481 1075 534; x_wconf 90' lang='lat' dir='ltr'><strong>de·</strong></span> 
     </span>
     <span class='ocr_line' id='line_1_4' title="bbox 162 548 1074 620; baseline -0.001 -15"><span class='ocrx_word' id='word_1_23' title='bbox 162 561 297 606; x_wconf 85' lang='lat' dir='ltr'><strong>monstrat.</strong></span> <span class='ocrx_word' id='word_1_24' title='bbox 334 549 383 603; x_wconf 87' lang='lat' dir='ltr'><strong>His</strong></span> <span class='ocrx_word' id='word_1_25' title='bbox 399 549 433 602; x_wconf 80' lang='lat' dir='ltr'><strong>od</strong></span> <span class='ocrx_word' id='word_1_26' title='bbox 451 549 523 602; x_wconf 90' lang='lat' dir='ltr'><strong>diem</strong></span> <span class='ocrx_word' id='word_1_27' title='bbox 538 548 667 619; x_wconf 83' lang='lat' dir='ltr'><strong>edduotls,</strong></span> <span class='ocrx_word' id='word_1_28' title='bbox 681 561 710 604; x_wconf 89' lang='grc' dir='ltr'><strong>ιιι</strong></span> <span class='ocrx_word' id='word_1_29' title='bbox 722 551 904 620; x_wconf 84' lang='lat' dir='ltr'><strong>imperaverat,</strong></span> <span class='ocrx_word' id='word_1_30' title='bbox 918 551 1028 604; x_wconf 89' lang='lat' dir='ltr'><strong>arbitros</strong></span> <span class='ocrx_word' id='word_1_31' title='bbox 1040 553 1074 604; x_wconf 89' lang='lat' dir='ltr'><strong>in·</strong></span> 
     </span>
     <span class='ocr_line' id='line_1_5' title="bbox 162 617 1066 698; baseline -0.001 -25"><span class='ocrx_word' id='word_1_32' title='bbox 162 631 202 674; x_wconf 89' lang='lat' dir='ltr'><strong>ter</strong></span> <span class='ocrx_word' id='word_1_33' title='bbox 213 621 335 674; x_wconf 83' lang='lat' dir='ltr'><strong>civitates</strong></span> <span class='ocrx_word' id='word_1_34' title='bbox 345 619 398 688; x_wconf 88' lang='lat' dir='ltr'><strong>dat,</strong></span> <span class='ocrx_word' id='word_1_35' title='bbox 411 621 457 698; x_wconf 91' lang='lat' dir='ltr'><strong>qui</strong></span> <span class='ocrx_word' id='word_1_36' title='bbox 470 617 545 672; x_wconf 86' lang='lat' dir='ltr'><strong>litem</strong></span> <span class='ocrx_word' id='word_1_37' title='bbox 557 619 708 672; x_wconf 87' lang='lat' dir='ltr'><strong>aestiment¹</strong></span> <span class='ocrx_word' id='word_1_38' title='bbox 720 636 886 688; x_wconf 78' lang='lat' dir='ltr'><strong>poenamque</strong></span> <span class='ocrx_word' id='word_1_39' title='bbox 899 620 1066 672; x_wconf 85' lang='lat' dir='ltr'><strong>constituant.</strong></span> 
     </span>
    </p>

    <p class='ocr_par' dir='ltr' id='par_1_3' title="bbox 159 687 1074 899">
     <span class='ocr_line' id='line_1_6' title="bbox 198 687 1074 758; baseline 0 -16"><span class='ocrx_word' id='word_1_40' title='bbox 198 693 221 742; x_wconf 86' lang='lat'><strong>2.</strong></span> <span class='ocrx_word' id='word_1_41' title='bbox 247 689 296 742; x_wconf 88' lang='lat' dir='ltr'><strong>His</strong></span> <span class='ocrx_word' id='word_1_42' title='bbox 314 687 442 742; x_wconf 84' lang='lat' dir='ltr'><strong>oonleetrs</strong></span> <span class='ocrx_word' id='word_1_43' title='bbox 461 687 540 741; x_wconf 87' lang='lat' dir='ltr'><strong>rebus</strong></span> <span class='ocrx_word' id='word_1_44' title='bbox 559 688 785 758; x_wconf 82' lang='lat' dir='ltr'><strong>conventibusque</strong></span> <span class='ocrx_word' id='word_1_45' title='bbox 806 689 927 758; x_wconf 81' lang='lat' dir='ltr'><strong>peractis,</strong></span> <span class='ocrx_word' id='word_1_46' title='bbox 947 690 973 741; x_wconf 89' lang='lat' dir='ltr'><strong>in</strong></span> <span class='ocrx_word' id='word_1_47' title='bbox 993 691 1074 742; x_wconf 81' lang='lat' dir='ltr'><strong>citeri-</strong></span> 
     </span>
     <span class='ocr_line' id='line_1_7' title="bbox 159 756 1074 827; baseline -0.001 -16"><span class='ocrx_word' id='word_1_48' title='bbox 159 775 235 813; x_wconf 85' lang='lat' dir='ltr'><strong>orem</strong></span> <span class='ocrx_word' id='word_1_49' title='bbox 246 757 362 812; x_wconf 85' lang='lat' dir='ltr'><strong>Galliam</strong></span> <span class='ocrx_word' id='word_1_50' title='bbox 374 757 512 810; x_wconf 82' lang='lat' dir='ltr'><strong>revertitur</strong></span> <span class='ocrx_word' id='word_1_51' title='bbox 521 766 601 826; x_wconf 86' lang='lat' dir='ltr'><strong>atque</strong></span> <span class='ocrx_word' id='word_1_52' title='bbox 614 756 721 810; x_wconf 79' lang='lat' dir='ltr'><strong>indeed</strong></span> <span class='ocrx_word' id='word_1_53' title='bbox 733 758 880 812; x_wconf 84' lang='lat' dir='ltr'><strong>exereitum</strong></span> <span class='ocrx_word' id='word_1_54' title='bbox 894 759 1074 827; x_wconf 79' lang='lat' dir='ltr'><strong>proficiscitur.</strong></span> 
     </span>
     <span class='ocr_line' id='line_1_8' title="bbox 162 827 1074 899; baseline -0.001 -17"><span class='ocrx_word' id='word_1_55' title='bbox 162 829 202 882; x_wconf 82' lang='lat' dir='ltr'><strong>Eo</strong></span> <span class='ocrx_word' id='word_1_56' title='bbox 216 845 301 899; x_wconf 88' lang='lat' dir='ltr'><strong>quum</strong></span> <span class='ocrx_word' id='word_1_57' title='bbox 314 828 437 896; x_wconf 82' lang='lat' dir='ltr'><strong>venisset,</strong></span> <span class='ocrx_word' id='word_1_58' title='bbox 449 827 567 880; x_wconf 86' lang='lat' dir='ltr'><strong>oirouitis</strong></span> <span class='ocrx_word' id='word_1_59' title='bbox 583 827 707 880; x_wconf 89' lang='lat' dir='ltr'><strong>omnibus</strong></span> <span class='ocrx_word' id='word_1_60' title='bbox 724 827 849 896; x_wconf 87' lang='lat' dir='ltr'><strong>hibernis,</strong></span> <span class='ocrx_word' id='word_1_61' title='bbox 863 827 989 895; x_wconf 84' lang='lat' dir='ltr'><strong>singulari</strong></span> <span class='ocrx_word' id='word_1_62' title='bbox 1010 829 1074 881; x_wconf 89' lang='lat' dir='ltr'><strong>mili·</strong></span> 
     </span>
    </p>

    <p class='ocr_par' dir='ltr' id='par_1_4' title="bbox 135 896 1075 1715">
     <span class='ocr_line' id='line_1_9' title="bbox 135 896 1073 966; baseline -0.002 -14"><span class='ocrx_word' id='word_1_63' title='bbox 135 945 139 952; x_wconf 90' lang='lat'><em>.</em></span> <span class='ocrx_word' id='word_1_64' title='bbox 161 908 218 951; x_wconf 90' lang='lat' dir='ltr'><strong>tum</strong></span> <span class='ocrx_word' id='word_1_65' title='bbox 242 898 335 965; x_wconf 88' lang='lat' dir='ltr'><strong>studio,</strong></span> <span class='ocrx_word' id='word_1_66' title='bbox 357 897 383 950; x_wconf 88' lang='lat' dir='ltr'><strong>in</strong></span> <span class='ocrx_word' id='word_1_67' title='bbox 407 912 513 949; x_wconf 83' lang='lat' dir='ltr'><strong>summa</strong></span> <span class='ocrx_word' id='word_1_68' title='bbox 535 897 654 950; x_wconf 89' lang='lat' dir='ltr'><strong>omniurn</strong></span> <span class='ocrx_word' id='word_1_69' title='bbox 679 913 766 950; x_wconf 89' lang='lat' dir='ltr'><strong>rerum</strong></span> <span class='ocrx_word' id='word_1_70' title='bbox 789 896 886 966; x_wconf 87' lang='lat' dir='ltr'><strong>inopia,</strong></span> <span class='ocrx_word' id='word_1_71' title='bbox 907 898 1014 950; x_wconf 79' lang='lat' dir='ltr'><strong>circiter</strong></span> <span class='ocrx_word' id='word_1_72' title='bbox 1034 915 1073 952; x_wconf 89' lang='lat' dir='ltr'><strong>no.</strong></span> 
     </span>
     <span class='ocr_line' id='line_1_10' title="bbox 160 964 1075 1037; baseline 0 -17"><span class='ocrx_word' id='word_1_73' title='bbox 160 966 220 1037; x_wconf 83' lang='lat' dir='ltr'><strong>ejus</strong></span> <span class='ocrx_word' id='word_1_74' title='bbox 237 967 349 1036; x_wconf 86' lang='lat' dir='ltr'><strong>generis,</strong></span> <span class='ocrx_word' id='word_1_75' title='bbox 368 964 455 1036; x_wconf 82' lang='lat' dir='ltr'><strong>oujus¹</strong></span> <span class='ocrx_word' id='word_1_76' title='bbox 471 982 551 1034; x_wconf 86' lang='lat' dir='ltr'><strong>supra</strong></span> <span class='ocrx_word' id='word_1_77' title='bbox 568 965 809 1019; x_wconf 87' lang='lat' dir='ltr'><strong>demonstravimus</strong></span> <span class='ocrx_word' id='word_1_78' title='bbox 836 983 920 1018; x_wconf 86' lang='lat' dir='ltr'><strong>naves</strong></span> <span class='ocrx_word' id='word_1_79' title='bbox 937 975 966 1019; x_wconf 90' lang='lat' dir='ltr'><strong>et</strong></span> <span class='ocrx_word' id='word_1_80' title='bbox 985 967 1075 1035; x_wconf 85' lang='lat' dir='ltr'><strong>longas</strong></span> 
     </span>
     <span class='ocr_line' id='line_1_11' title="bbox 160 1005 1074 1106; baseline -0.001 -16"><span class='ocrx_word' id='word_1_81' title='bbox 160 1053 260 1090; x_wconf 77' lang='lat' dir='ltr'><strong>xxvrn.</strong></span> <span class='ocrx_word' id='word_1_82' title='bbox 273 1036 372 1088; x_wconf 87' lang='lat' dir='ltr'><strong>invenit</strong></span> <span class='ocrx_word' id='word_1_83' title='bbox 390 1035 537 1104; x_wconf 82' lang='lat' dir='ltr'><strong>instructas,</strong></span> <span class='ocrx_word' id='word_1_84' title='bbox 555 1051 642 1104; x_wconf 91' lang='lat' dir='ltr'><strong>neque</strong></span> <span class='ocrx_word' id='word_1_85' title='bbox 661 1034 775 1088; x_wconf 88' lang='lat' dir='ltr'><strong>multum</strong></span> <span class='ocrx_word' id='word_1_86' title='bbox 792 1005 888 1088; x_wconf 85' lang='lat' dir='ltr'><strong>abesse</strong></span> <span class='ocrx_word' id='word_1_87' title='bbox 906 1035 941 1089; x_wconf 92' lang='lat' dir='ltr'><strong>ab</strong></span> <span class='ocrx_word' id='word_1_88' title='bbox 959 1053 1000 1105; x_wconf 86' lang='lat' dir='ltr'><strong>eo,</strong></span> <span class='ocrx_word' id='word_1_89' title='bbox 1014 1037 1074 1106; x_wconf 90' lang='lat' dir='ltr'><strong>quin</strong></span> 
     </span>
     <span class='ocr_line' id='line_1_12' title="bbox 159 1103 1072 1177; baseline 0.001 -20"><span class='ocrx_word' id='word_1_90' title='bbox 159 1107 251 1176; x_wconf 81' lang='lat' dir='ltr'><strong>paucis</strong></span> <span class='ocrx_word' id='word_1_91' title='bbox 263 1105 358 1159; x_wconf 86' lang='lat' dir='ltr'><strong>diebus</strong></span> <span class='ocrx_word' id='word_1_92' title='bbox 370 1104 478 1158; x_wconf 84' lang='lat' dir='ltr'><strong>deduoi⁸</strong></span> <span class='ocrx_word' id='word_1_93' title='bbox 485 1112 601 1173; x_wconf 83' lang='lat' dir='ltr'><strong>possent.</strong></span> <span class='ocrx_word' id='word_1_94' title='bbox 632 1103 793 1158; x_wconf 76' lang='lat' dir='ltr'><strong>Collaudatis</strong></span> <span class='ocrx_word' id='word_1_95' title='bbox 805 1104 933 1158; x_wconf 82' lang='lat' dir='ltr'><strong>militibus</strong></span> <span class='ocrx_word' id='word_1_96' title='bbox 942 1115 1026 1175; x_wconf 89' lang='lat' dir='ltr'><strong>atque</strong></span> <span class='ocrx_word' id='word_1_97' title='bbox 1034 1107 1072 1177; x_wconf 88' lang='lat' dir='ltr'><strong>iis,</strong></span> 
     </span>
     <span class='ocr_line' id='line_1_13' title="bbox 158 1172 1074 1245; baseline 0 -17"><span class='ocrx_word' id='word_1_98' title='bbox 158 1176 205 1245; x_wconf 91' lang='lat' dir='ltr'><strong>qui</strong></span> <span class='ocrx_word' id='word_1_99' title='bbox 217 1176 321 1243; x_wconf 86' lang='lat' dir='ltr'><strong>negotio</strong></span> <span class='ocrx_word' id='word_1_100' title='bbox 333 1173 507 1244; x_wconf 76' lang='lat' dir='ltr'><strong>praefuerant,</strong></span> <span class='ocrx_word' id='word_1_101' title='bbox 521 1172 584 1242; x_wconf 86' lang='lat' dir='ltr'><strong>quid</strong></span> <span class='ocrx_word' id='word_1_102' title='bbox 596 1173 654 1226; x_wconf 88' lang='lat' dir='ltr'><strong>fieri</strong></span> <span class='ocrx_word' id='word_1_103' title='bbox 668 1173 739 1244; x_wconf 84' lang='lat' dir='ltr'><strong>velit,</strong></span> <span class='ocrx_word' id='word_1_104' title='bbox 753 1175 867 1240; x_wconf 76' lang='lat' dir='ltr'><strong>ostendit</strong></span> <span class='ocrx_word' id='word_1_105' title='bbox 882 1183 964 1244; x_wconf 86' lang='lat' dir='ltr'><strong>atque</strong></span> <span class='ocrx_word' id='word_1_106' title='bbox 982 1193 1074 1228; x_wconf 89' lang='lat' dir='ltr'><strong>omnes</strong></span> 
     </span>
     <span class='ocr_line' id='line_1_14' title="bbox 157 1242 1072 1322; baseline -0.001 -24"><span class='ocrx_word' id='word_1_107' title='bbox 157 1244 193 1298; x_wconf 87' lang='lat' dir='ltr'><strong>ad</strong></span> <span class='ocrx_word' id='word_1_108' title='bbox 210 1256 315 1314; x_wconf 86' lang='lat' dir='ltr'><strong>portum</strong></span> <span class='ocrx_word' id='word_1_109' title='bbox 332 1243 421 1297; x_wconf 83' lang='lat' dir='ltr'><strong>Itium⁴</strong></span> <span class='ocrx_word' id='word_1_110' title='bbox 435 1245 575 1296; x_wconf 87' lang='lat' dir='ltr'><strong>eonvenire</strong></span> <span class='ocrx_word' id='word_1_111' title='bbox 592 1242 675 1322; x_wconf 78' lang='lat' dir='ltr'><strong>jubet,</strong></span> <span class='ocrx_word' id='word_1_112' title='bbox 688 1260 740 1312; x_wconf 91' lang='lat' dir='ltr'><strong>quo</strong></span> <span class='ocrx_word' id='word_1_113' title='bbox 753 1261 786 1296; x_wconf 88' lang='lat' dir='ltr'><strong>ex</strong></span> <span class='ocrx_word' id='word_1_114' title='bbox 798 1251 874 1314; x_wconf 92' lang='lat' dir='ltr'><strong>portu</strong></span> <span class='ocrx_word' id='word_1_115' title='bbox 891 1245 1072 1297; x_wconf 84' lang='lat' dir='ltr'><strong>commodissi-</strong></span> 
     </span>
     <span class='ocr_line' id='line_1_15' title="bbox 159 1313 1073 1381; baseline 0 -15"><span class='ocrx_word' id='word_1_116' title='bbox 159 1331 232 1367; x_wconf 87' lang='lat' dir='ltr'><strong>mum</strong></span> <span class='ocrx_word' id='word_1_117' title='bbox 257 1314 282 1366; x_wconf 91' lang='lat' dir='ltr'><strong>in</strong></span> <span class='ocrx_word' id='word_1_118' title='bbox 307 1313 470 1367; x_wconf 74' lang='lat' dir='ltr'><strong>Britanniam</strong></span> <span class='ocrx_word' id='word_1_119' title='bbox 492 1320 678 1365; x_wconf 87' lang='lat' dir='ltr'><strong>transmresum</strong></span> <span class='ocrx_word' id='word_1_120' title='bbox 699 1329 759 1364; x_wconf 84' lang='lat' dir='ltr'><strong>esse</strong></span> <span class='ocrx_word' id='word_1_121' title='bbox 779 1322 946 1381; x_wconf 81' lang='lat' dir='ltr'><strong>cognoverat,</strong></span> <span class='ocrx_word' id='word_1_122' title='bbox 969 1313 1073 1367; x_wconf 87' lang='lat' dir='ltr'><strong>oiroiter</strong></span> 
     </span>
     <span class='ocr_line' id='line_1_16' title="bbox 159 1381 1072 1453; baseline -0.001 -17"><span class='ocrx_word' id='word_1_123' title='bbox 159 1383 262 1436; x_wconf 85' lang='lat' dir='ltr'><strong>milium</strong></span> <span class='ocrx_word' id='word_1_124' title='bbox 275 1399 400 1453; x_wconf 75' lang='lat' dir='ltr'><strong>passuum</strong></span> <span class='ocrx_word' id='word_1_125' title='bbox 413 1399 477 1435; x_wconf 83' lang='lat' dir='ltr'><strong>m.</strong></span> <span class='ocrx_word' id='word_1_126' title='bbox 490 1397 506 1433; x_wconf 86' lang='lat' dir='ltr'><strong>a</strong></span> <span class='ocrx_word' id='word_1_127' title='bbox 517 1381 669 1434; x_wconf 86' lang='lat' dir='ltr'><strong>eontinenti.</strong></span> <span class='ocrx_word' id='word_1_128' title='bbox 705 1382 775 1435; x_wconf 89' lang='lat' dir='ltr'><strong>Huio</strong></span> <span class='ocrx_word' id='word_1_129' title='bbox 794 1383 841 1434; x_wconf 75' lang='lat' dir='ltr'><strong>rei⁸</strong></span> <span class='ocrx_word' id='word_1_130' title='bbox 852 1382 923 1452; x_wconf 90' lang='lat' dir='ltr'><strong>quod</strong></span> <span class='ocrx_word' id='word_1_131' title='bbox 936 1385 1004 1434; x_wconf 85' lang='lat' dir='ltr'><strong>satis</strong></span> <span class='ocrx_word' id='word_1_132' title='bbox 1015 1400 1072 1435; x_wconf 83' lang='lat' dir='ltr'><strong>esse</strong></span> 
     </span>
     <span class='ocr_line' id='line_1_17' title="bbox 158 1451 1072 1521; baseline -0.001 -16"><span class='ocrx_word' id='word_1_133' title='bbox 158 1453 246 1507; x_wconf 87' lang='lat' dir='ltr'><strong>visum</strong></span> <span class='ocrx_word' id='word_1_134' title='bbox 266 1461 307 1506; x_wconf 84' lang='lat' dir='ltr'><strong>est</strong></span> <span class='ocrx_word' id='word_1_135' title='bbox 330 1452 446 1506; x_wconf 88' lang='lat' dir='ltr'><strong>militurn</strong></span> <span class='ocrx_word' id='word_1_136' title='bbox 466 1451 586 1520; x_wconf 88' lang='lat' dir='ltr'><strong>reliquit:</strong></span> <span class='ocrx_word' id='word_1_137' title='bbox 612 1451 619 1504; x_wconf 95' lang='lat' dir='ltr'><strong>i</strong></span> <span class='ocrx_word' id='word_1_138' title='bbox 691 1468 753 1504; x_wconf 88' lang='lat' dir='ltr'><strong>eum</strong></span> <span class='ocrx_word' id='word_1_139' title='bbox 775 1451 923 1520; x_wconf 85' lang='lat' dir='ltr'><strong>legionibus</strong></span> <span class='ocrx_word' id='word_1_140' title='bbox 942 1452 1072 1521; x_wconf 83' lang='lat' dir='ltr'><strong>expeditis</strong></span> 
     </span>
     <span class='ocr_line' id='line_1_18' title="bbox 158 1468 1072 1593; baseline -0.002 -17"><span class='ocrx_word' id='word_1_141' title='bbox 158 1537 197 1576; x_wconf 80' lang='grc' dir='ltr'><strong>ιν.</strong></span> <span class='ocrx_word' id='word_1_142' title='bbox 210 1531 237 1576; x_wconf 88' lang='lat' dir='ltr'><strong>et</strong></span> <span class='ocrx_word' id='word_1_143' title='bbox 254 1522 388 1593; x_wconf 89' lang='lat' dir='ltr'><strong>equitibus</strong></span> <span class='ocrx_word' id='word_1_144' title='bbox 406 1537 483 1574; x_wconf 85' lang='lat' dir='ltr'><strong>noco.</strong></span> <span class='ocrx_word' id='word_1_145' title='bbox 498 1521 524 1572; x_wconf 92' lang='lat' dir='ltr'><strong>in</strong></span> <span class='ocrx_word' id='word_1_146' title='bbox 542 1521 610 1573; x_wconf 85' lang='lat' dir='ltr'><strong>lines</strong></span> <span class='ocrx_word' id='word_1_147' title='bbox 621 1468 792 1574; x_wconf 48' lang='lat' dir='ltr'><strong>bereerirorum</strong></span> <span class='ocrx_word' id='word_1_148' title='bbox 810 1521 990 1592; x_wconf 88' lang='lat' dir='ltr'><strong>profioisoitur,</strong></span> <span class='ocrx_word' id='word_1_149' title='bbox 1004 1520 1072 1591; x_wconf 90' lang='lat' dir='ltr'><strong>quod</strong></span> 
     </span>
     <span class='ocr_line' id='line_1_19' title="bbox 157 1589 1071 1662; baseline -0.002 -17"><span class='ocrx_word' id='word_1_150' title='bbox 157 1589 184 1645; x_wconf 82' lang='lat' dir='ltr'><strong>ln·</strong></span> <span class='ocrx_word' id='word_1_151' title='bbox 197 1591 329 1662; x_wconf 83' lang='lat' dir='ltr'><strong>nequead</strong></span> <span class='ocrx_word' id='word_1_152' title='bbox 342 1591 454 1645; x_wconf 85' lang='lat' dir='ltr'><strong>oonoilia</strong></span> <span class='ocrx_word' id='word_1_153' title='bbox 465 1589 616 1659; x_wconf 85' lang='lat' dir='ltr'><strong>veniebant,</strong></span> <span class='ocrx_word' id='word_1_154' title='bbox 629 1605 717 1658; x_wconf 90' lang='lat' dir='ltr'><strong>neque</strong></span> <span class='ocrx_word' id='word_1_155' title='bbox 736 1591 846 1660; x_wconf 87' lang='lat' dir='ltr'><strong>imperio</strong></span> <span class='ocrx_word' id='word_1_156' title='bbox 864 1590 994 1662; x_wconf 84' lang='lat' dir='ltr'><strong>parebant</strong></span> <span class='ocrx_word' id='word_1_157' title='bbox 1011 1593 1071 1645; x_wconf 88' lang='lat' dir='ltr'><strong>Ger·</strong></span> 
     </span>
     <span class='ocr_line' id='line_1_20' title="bbox 156 1658 846 1715; baseline -0.004 0"><span class='ocrx_word' id='word_1_158' title='bbox 156 1677 235 1715; x_wconf 86' lang='lat' dir='ltr'><strong>mano</strong></span> <span class='ocrx_word' id='word_1_159' title='bbox 269 1679 302 1714; x_wconf 89' lang='lat' dir='ltr'><strong>ue</strong></span> <span class='ocrx_word' id='word_1_160' title='bbox 314 1659 517 1714; x_wconf 84' lang='lat' dir='ltr'><strong>transrhenanos</strong></span> <span class='ocrx_word' id='word_1_161' title='bbox 529 1658 669 1711; x_wconf 82' lang='lat' dir='ltr'><strong>sollicitare</strong></span> <span class='ocrx_word' id='word_1_162' title='bbox 681 1658 846 1712; x_wconf 81' lang='lat' dir='ltr'><strong>dicebantur.</strong></span> 
     </span>
    </p>

    <p class='ocr_par' dir='ltr' id='par_1_5' title="bbox 154 1727 1071 2426">
     <span class='ocr_line' id='line_1_21' title="bbox 191 1727 1071 1798; baseline -0.001 -14"><span class='ocrx_word' id='word_1_163' title='bbox 191 1736 214 1784; x_wconf 85' lang='grc'><strong>3.</strong></span> <span class='ocrx_word' id='word_1_164' title='bbox 266 1747 315 1783; x_wconf 82' lang='lat' dir='ltr'><strong>aee</strong></span> <span class='ocrx_word' id='word_1_165' title='bbox 338 1729 432 1783; x_wconf 83' lang='lat' dir='ltr'><strong>olvitas</strong></span> <span class='ocrx_word' id='word_1_166' title='bbox 455 1728 532 1797; x_wconf 86' lang='lat' dir='ltr'><strong>longe</strong></span> <span class='ocrx_word' id='word_1_167' title='bbox 555 1727 700 1798; x_wconf 88' lang='lat' dir='ltr'><strong>plurimum</strong></span> <span class='ocrx_word' id='word_1_168' title='bbox 723 1729 805 1782; x_wconf 87' lang='lat' dir='ltr'><strong>totius</strong></span> <span class='ocrx_word' id='word_1_169' title='bbox 824 1728 929 1782; x_wconf 86' lang='lat' dir='ltr'><strong>Galliae</strong></span> <span class='ocrx_word' id='word_1_170' title='bbox 952 1729 1071 1798; x_wconf 88' lang='lat' dir='ltr'><strong>equitatu</strong></span> 
     </span>
     <span class='ocr_line' id='line_1_22' title="bbox 156 1797 1071 1869; baseline 0 -17"><span class='ocrx_word' id='word_1_171' title='bbox 156 1800 227 1853; x_wconf 87' lang='lat' dir='ltr'><strong>valet</strong></span> <span class='ocrx_word' id='word_1_172' title='bbox 240 1815 403 1868; x_wconf 83' lang='lat' dir='ltr'><strong>magnasque</strong></span> <span class='ocrx_word' id='word_1_173' title='bbox 416 1797 496 1850; x_wconf 86' lang='lat' dir='ltr'><strong>hahet</strong></span> <span class='ocrx_word' id='word_1_174' title='bbox 507 1799 598 1868; x_wconf 76' lang='lat' dir='ltr'><strong>copias</strong></span> <span class='ocrx_word' id='word_1_175' title='bbox 610 1797 739 1867; x_wconf 89' lang='lat' dir='ltr'><strong>pediturn,</strong></span> <span class='ocrx_word' id='word_1_176' title='bbox 752 1799 937 1867; x_wconf 86' lang='lat' dir='ltr'><strong>Rhenumque,</strong></span> <span class='ocrx_word' id='word_1_177' title='bbox 952 1808 981 1851; x_wconf 91' lang='lat' dir='ltr'><strong>ut</strong></span> <span class='ocrx_word' id='word_1_178' title='bbox 995 1817 1071 1869; x_wconf 89' lang='lat' dir='ltr'><strong>supra</strong></span> 
     </span>
     <span class='ocr_line' id='line_1_23' title="bbox 155 1867 1071 1938; baseline 0.002 -18"><span class='ocrx_word' id='word_1_179' title='bbox 155 1867 414 1936; x_wconf 76' lang='lat' dir='ltr'><strong>demonstravimue,⁰</strong></span> <span class='ocrx_word' id='word_1_180' title='bbox 433 1868 526 1935; x_wconf 83' lang='lat' dir='ltr'><strong>tangit.</strong></span> <span class='ocrx_word' id='word_1_181' title='bbox 562 1867 592 1920; x_wconf 91' lang='lat' dir='ltr'><strong>ln</strong></span> <span class='ocrx_word' id='word_1_182' title='bbox 612 1883 645 1920; x_wconf 83' lang='lat' dir='ltr'><strong>ea</strong></span> <span class='ocrx_word' id='word_1_183' title='bbox 666 1867 773 1920; x_wconf 81' lang='lat' dir='ltr'><strong>civitate</strong></span> <span class='ocrx_word' id='word_1_184' title='bbox 794 1867 846 1920; x_wconf 90' lang='lat' dir='ltr'><strong>duo</strong></span> <span class='ocrx_word' id='word_1_185' title='bbox 865 1868 900 1926; x_wconf 88' lang='lat' dir='ltr'><strong>de</strong></span> <span class='ocrx_word' id='word_1_186' title='bbox 924 1869 1071 1938; x_wconf 85' lang='lat' dir='ltr'><strong>principatu</strong></span> 
     </span>
     <span class='ocr_line' id='line_1_24' title="bbox 156 1935 1071 2008; baseline 0 -18"><span class='ocrx_word' id='word_1_187' title='bbox 156 1938 265 1990; x_wconf 80' lang='lat' dir='ltr'><strong>interae</strong></span> <span class='ocrx_word' id='word_1_188' title='bbox 276 1935 478 2004; x_wconf 83' lang='lat' dir='ltr'><strong>contendebant,</strong></span> <span class='ocrx_word' id='word_1_189' title='bbox 492 1935 687 1990; x_wconf 84' lang='lat' dir='ltr'><strong>Indutiomarus</strong></span> <span class='ocrx_word' id='word_1_190' title='bbox 704 1945 731 1989; x_wconf 90' lang='lat' dir='ltr'><strong>et</strong></span> <span class='ocrx_word' id='word_1_191' title='bbox 745 1937 910 2005; x_wconf 84' lang='lat' dir='ltr'><strong>Cingetorix:</strong></span> <span class='ocrx_word' id='word_1_192' title='bbox 930 1939 1071 2008; x_wconf 82' lang='lat' dir='ltr'><strong>exquibus</strong></span> 
     </span>
     <span class='ocr_line' id='line_1_25' title="bbox 155 2005 1071 2076; baseline 0.002 -17"><span class='ocrx_word' id='word_1_193' title='bbox 155 2005 230 2075; x_wconf 84' lang='lat' dir='ltr'><strong>alter,</strong></span> <span class='ocrx_word' id='word_1_194' title='bbox 244 2005 325 2058; x_wconf 86' lang='lat' dir='ltr'><strong>simul</strong></span> <span class='ocrx_word' id='word_1_195' title='bbox 337 2015 418 2075; x_wconf 85' lang='lat' dir='ltr'><strong>atque</strong></span> <span class='ocrx_word' id='word_1_196' title='bbox 430 2005 464 2057; x_wconf 91' lang='lat' dir='ltr'><strong>de</strong></span> <span class='ocrx_word' id='word_1_197' title='bbox 476 2006 597 2058; x_wconf 86' lang='lat' dir='ltr'><strong>Caesaris</strong></span> <span class='ocrx_word' id='word_1_198' title='bbox 608 2006 795 2076; x_wconf 86' lang='lat' dir='ltr'><strong>legionumque</strong></span> <span class='ocrx_word' id='word_1_199' title='bbox 807 2005 924 2060; x_wconf 90' lang='lat' dir='ltr'><strong>adventu</strong></span> <span class='ocrx_word' id='word_1_200' title='bbox 936 2009 1071 2076; x_wconf 84' lang='lat' dir='ltr'><strong>cognitum</strong></span> 
     </span>
     <span class='ocr_line' id='line_1_26' title="bbox 155 2074 1070 2154; baseline 0.003 -26"><span class='ocrx_word' id='word_1_201' title='bbox 155 2085 204 2143; x_wconf 87' lang='lat' dir='ltr'><strong>est,</strong></span> <span class='ocrx_word' id='word_1_202' title='bbox 218 2074 327 2128; x_wconf 86' lang='lat' dir='ltr'><strong>adeum</strong></span> <span class='ocrx_word' id='word_1_203' title='bbox 340 2076 427 2135; x_wconf 80' lang='lat' dir='ltr'><strong>renit3</strong></span> <span class='ocrx_word' id='word_1_204' title='bbox 445 2091 474 2127; x_wconf 89' lang='lat' dir='ltr'><strong>se</strong></span> <span class='ocrx_word' id='word_1_205' title='bbox 488 2091 602 2154; x_wconf 88' lang='lat' dir='ltr'><strong>suosque</strong></span> <span class='ocrx_word' id='word_1_206' title='bbox 614 2092 708 2128; x_wconf 89' lang='lat' dir='ltr'><strong>omnes</strong></span> <span class='ocrx_word' id='word_1_207' title='bbox 726 2075 753 2128; x_wconf 90' lang='lat' dir='ltr'><strong>in</strong></span> <span class='ocrx_word' id='word_1_208' title='bbox 770 2075 858 2130; x_wconf 84' lang='lat' dir='ltr'><strong>officio</strong></span> <span class='ocrx_word' id='word_1_209' title='bbox 870 2076 974 2129; x_wconf 83' lang='lat' dir='ltr'><strong>futuros</strong></span> <span class='ocrx_word' id='word_1_210' title='bbox 986 2093 1070 2148; x_wconf 86' lang='lat' dir='ltr'><strong>neque</strong></span> 
     </span>
     <span class='ocr_line' id='line_1_27' title="bbox 155 2136 1070 2217; baseline 0.003 -20"><span class='ocrx_word' id='word_1_211' title='bbox 155 2143 190 2202; x_wconf 84' lang='lat' dir='ltr'><strong>ab</strong></span> <span class='ocrx_word' id='word_1_212' title='bbox 208 2143 327 2197; x_wconf 83' lang='lat' dir='ltr'><strong>amicitia</strong></span> <span class='ocrx_word' id='word_1_213' title='bbox 346 2136 436 2214; x_wconf 90' lang='lat' dir='ltr'><strong>populi</strong></span> <span class='ocrx_word' id='word_1_214' title='bbox 455 2145 566 2198; x_wconf 84' lang='lat' dir='ltr'><strong>Romani</strong></span> <span class='ocrx_word' id='word_1_215' title='bbox 587 2144 738 2198; x_wconf 85' lang='lat' dir='ltr'><strong>defeeturos</strong></span> <span class='ocrx_word' id='word_1_216' title='bbox 757 2145 929 2213; x_wconf 78' lang='lat' dir='ltr'><strong>confirmavit,</strong></span> <span class='ocrx_word' id='word_1_217' title='bbox 950 2163 1070 2217; x_wconf 88' lang='lat' dir='ltr'><strong>quaeque</strong></span> 
     </span>
     <span class='ocr_line' id='line_1_28' title="bbox 155 2213 1070 2284; baseline 0.004 -18"><span class='ocrx_word' id='word_1_218' title='bbox 155 2214 181 2267; x_wconf 88' lang='lat' dir='ltr'><strong>in</strong></span> <span class='ocrx_word' id='word_1_219' title='bbox 197 2214 312 2268; x_wconf 81' lang='lat' dir='ltr'><strong>Treviris</strong></span> <span class='ocrx_word' id='word_1_220' title='bbox 328 2223 488 2284; x_wconf 80' lang='lat' dir='ltr'><strong>gererentur,</strong></span> <span class='ocrx_word' id='word_1_221' title='bbox 501 2213 622 2268; x_wconf 85' lang='lat' dir='ltr'><strong>ostendit.</strong></span> <span class='ocrx_word' id='word_1_222' title='bbox 658 2216 694 2267; x_wconf 81' lang='lat' dir='ltr'><strong>Ar</strong></span> <span class='ocrx_word' id='word_1_223' title='bbox 713 2213 906 2268; x_wconf 85' lang='lat' dir='ltr'><strong>Indutiomarus</strong></span> <span class='ocrx_word' id='word_1_224' title='bbox 924 2217 1070 2284; x_wconf 86' lang='lat' dir='ltr'><strong>equitaturo</strong></span> 
     </span>
     <span class='ocr_line' id='line_1_29' title="bbox 155 2283 1070 2354; baseline 0.002 -18"><span class='ocrx_word' id='word_1_225' title='bbox 155 2283 356 2354; x_wconf 88' lang='lat' dir='ltr'><strong>peditatumque</strong></span> <span class='ocrx_word' id='word_1_226' title='bbox 376 2300 480 2354; x_wconf 84' lang='lat' dir='ltr'><strong>eogere,</strong></span> <span class='ocrx_word' id='word_1_227' title='bbox 493 2283 586 2354; x_wconf 85' lang='lat' dir='ltr'><strong>iisque,</strong></span> <span class='ocrx_word' id='word_1_228' title='bbox 599 2283 645 2353; x_wconf 91' lang='lat' dir='ltr'><strong>qui</strong></span> <span class='ocrx_word' id='word_1_229' title='bbox 664 2300 712 2354; x_wconf 90' lang='lat' dir='ltr'><strong>per</strong></span> <span class='ocrx_word' id='word_1_230' title='bbox 730 2292 847 2336; x_wconf 86' lang='lat' dir='ltr'><strong>aetatem</strong></span> <span class='ocrx_word' id='word_1_231' title='bbox 865 2284 892 2336; x_wconf 90' lang='lat' dir='ltr'><strong>in</strong></span> <span class='ocrx_word' id='word_1_232' title='bbox 910 2286 995 2338; x_wconf 82' lang='lat' dir='ltr'><strong>armis</strong></span> <span class='ocrx_word' id='word_1_233' title='bbox 1015 2302 1070 2340; x_wconf 88' lang='lat' dir='ltr'><strong>esse</strong></span> 
     </span>
     <span class='ocr_line' id='line_1_30' title="bbox 154 2352 1071 2426; baseline -0.001 -19"><span class='ocrx_word' id='word_1_234' title='bbox 154 2369 206 2407; x_wconf 89' lang='lat' dir='ltr'><strong>non</strong></span> <span class='ocrx_word' id='word_1_235' title='bbox 229 2361 357 2425; x_wconf 84' lang='lat' dir='ltr'><strong>poterant,</strong></span> <span class='ocrx_word' id='word_1_236' title='bbox 379 2353 406 2407; x_wconf 94' lang='lat' dir='ltr'><strong>in</strong></span> <span class='ocrx_word' id='word_1_237' title='bbox 429 2353 525 2407; x_wconf 82' lang='lat' dir='ltr'><strong>silvam</strong></span> <span class='ocrx_word' id='word_1_238' title='bbox 548 2352 731 2406; x_wconf 70' lang='grc' dir='ltr'><strong>Αιιιιιιιιιιιιιιιο</strong></span> <span class='ocrx_word' id='word_1_239' title='bbox 749 2352 855 2424; x_wconf 89' lang='lat' dir='ltr'><strong>abditis,</strong></span> <span class='ocrx_word' id='word_1_240' title='bbox 877 2370 949 2422; x_wconf 91' lang='lat' dir='ltr'><strong>quae</strong></span> <span class='ocrx_word' id='word_1_241' title='bbox 973 2354 1071 2426; x_wconf 86' lang='lat' dir='ltr'><strong>ingenti</strong></span> 
     </span>
    </p>
   </div>
   <div class='ocr_carea' id='block_1_3' title="bbox 58 2543 1072 2748">
    <p class='ocr_par' dir='ltr' id='par_1_6' title="bbox 58 2543 1072 2748">
     <span class='ocr_line' id='line_1_31' title="bbox 182 2543 1072 2625; baseline 0.003 -9"><span class='ocrx_word' id='word_1_242' title='bbox 182 2543 1072 2625; x_wconf 48' lang='lat' dir='ltr'><strong>mmmmmwmmwmmffimm</strong></span> 
     </span>
     <span class='ocr_line' id='line_1_32' title="bbox 58 2625 1072 2687; baseline 0.002 -11"><span class='ocrx_word' id='word_1_243' title='bbox 58 2653 60 2658; x_wconf 96' lang='lat'>·</span> <span class='ocrx_word' id='word_1_244' title='bbox 152 2626 303 2676; x_wconf 81' lang='lat' dir='ltr'><strong>donatothe</strong></span> <span class='ocrx_word' id='word_1_245' title='bbox 314 2628 434 2687; x_wconf 81' lang='lat' dir='ltr'><strong>province.</strong></span> <span class='ocrx_word' id='word_1_246' title='bbox 466 2625 683 2687; x_wconf 79' lang='lat' dir='ltr'><strong>Liuianotonlyt</strong></span> <span class='ocrx_word' id='word_1_247' title='bbox 701 2627 788 2684; x_wconf 85' lang='lat' dir='ltr'><strong>etrial,</strong></span> <span class='ocrx_word' id='word_1_248' title='bbox 802 2628 907 2676; x_wconf 83' lang='lat' dir='ltr'><strong>hutnlso</strong></span> <span class='ocrx_word' id='word_1_249' title='bbox 923 2628 1027 2678; x_wconf 87' lang='lat' dir='ltr'><strong>denotes</strong></span> <span class='ocrx_word' id='word_1_250' title='bbox 1042 2628 1072 2678; x_wconf 89' lang='grc' dir='ltr'><strong>ιιι</strong></span> 
     </span>
     <span class='ocr_line' id='line_1_33' title="bbox 153 2685 1062 2748; baseline 0.002 -14"><span class='ocrx_word' id='word_1_251' title='bbox 153 2687 194 2734; x_wconf 86' lang='lat' dir='ltr'><strong>the</strong></span> <span class='ocrx_word' id='word_1_252' title='bbox 205 2701 325 2746; x_wconf 79' lang='lat' dir='ltr'><strong>expensas</strong></span> <span class='ocrx_word' id='word_1_253' title='bbox 336 2685 469 2735; x_wconf 85' lang='lat' dir='ltr'><strong>corrneeted</strong></span> <span class='ocrx_word' id='word_1_254' title='bbox 480 2686 539 2734; x_wconf 82' lang='lat' dir='ltr'><strong>with</strong></span> <span class='ocrx_word' id='word_1_255' title='bbox 550 2686 577 2742; x_wconf 89' lang='lat' dir='ltr'><strong>it,</strong></span> <span class='ocrx_word' id='word_1_256' title='bbox 590 2686 637 2734; x_wconf 88' lang='lat' dir='ltr'><strong>and</strong></span> <span class='ocrx_word' id='word_1_257' title='bbox 648 2685 689 2734; x_wconf 90' lang='lat' dir='ltr'><strong>the</strong></span> <span class='ocrx_word' id='word_1_258' title='bbox 700 2685 762 2734; x_wconf 82' lang='lat' dir='ltr'><strong>lines</strong></span> <span class='ocrx_word' id='word_1_259' title='bbox 769 2687 824 2734; x_wconf 82' lang='lat' dir='ltr'><strong>that</strong></span> <span class='ocrx_word' id='word_1_260' title='bbox 835 2701 891 2747; x_wconf 83' lang='lat' dir='ltr'><strong>may</strong></span> <span class='ocrx_word' id='word_1_261' title='bbox 902 2689 933 2735; x_wconf 91' lang='lat' dir='ltr'><strong>be</strong></span> <span class='ocrx_word' id='word_1_262' title='bbox 944 2688 1062 2748; x_wconf 84' lang='lat' dir='ltr'><strong>impoeed.</strong></span> 
     </span>
    </p>
   </div>
   <div class='ocr_carea' id='block_1_4' title="bbox 181 2757 516 2821">
    <p class='ocr_par' dir='ltr' id='par_1_7' title="bbox 181 2757 516 2821">
     <span class='ocr_line' id='line_1_34' title="bbox 181 2757 516 2821; baseline 0 -15"><span class='ocrx_word' id='word_1_263' title='bbox 181 2761 191 2788; x_wconf 84' lang='lat'><strong>¹</strong></span> <span class='ocrx_word' id='word_1_264' title='bbox 202 2757 317 2818; x_wconf 83' lang='lat' dir='ltr'><strong>Namely,</strong></span> <span class='ocrx_word' id='word_1_265' title='bbox 329 2760 424 2821; x_wconf 77' lang='lat' dir='ltr'><strong>generis</strong></span> <span class='ocrx_word' id='word_1_266' title='bbox 435 2775 516 2807; x_wconf 73' lang='lat' dir='ltr'><strong>noua.</strong></span> 
     </span>
    </p>
   </div>
   <div class='ocr_carea' id='block_1_5' title="bbox 152 2831 1073 2960">
    <p class='ocr_par' dir='ltr' id='par_1_8' title="bbox 152 2831 1073 2960">
     <span class='ocr_line' id='line_1_35' title="bbox 181 2831 1072 2899; baseline 0.006 -17"><span class='ocrx_word' id='word_1_267' title='bbox 181 2831 318 2882; x_wconf 78' lang='lat' dir='ltr'><strong>’Dederere</strong></span> <span class='ocrx_word' id='word_1_268' title='bbox 328 2833 349 2882; x_wconf 89' lang='lat' dir='ltr'><strong>is</strong></span> <span class='ocrx_word' id='word_1_269' title='bbox 358 2833 400 2882; x_wconf 81' lang='lat' dir='ltr'><strong>tlte</strong></span> <span class='ocrx_word' id='word_1_270' title='bbox 407 2833 528 2884; x_wconf 83' lang='lat' dir='ltr'><strong>technioel</strong></span> <span class='ocrx_word' id='word_1_271' title='bbox 536 2843 598 2882; x_wconf 88' lang='lat' dir='ltr'><strong>terrn</strong></span> <span class='ocrx_word' id='word_1_272' title='bbox 604 2833 633 2882; x_wconf 82' lang='lat' dir='ltr'><strong>ol</strong></span> <span class='ocrx_word' id='word_1_273' title='bbox 639 2833 747 2896; x_wconf 80' lang='lat' dir='ltr'><strong>drawing</strong></span> <span class='ocrx_word' id='word_1_274' title='bbox 754 2834 795 2882; x_wconf 89' lang='lat' dir='ltr'><strong>the</strong></span> <span class='ocrx_word' id='word_1_275' title='bbox 802 2835 870 2899; x_wconf 82' lang='lat' dir='ltr'><strong>ships</strong></span> <span class='ocrx_word' id='word_1_276' title='bbox 876 2834 939 2884; x_wconf 80' lang='lat' dir='ltr'><strong>from</strong></span> <span class='ocrx_word' id='word_1_277' title='bbox 946 2836 990 2885; x_wconf 86' lang='lat' dir='ltr'><strong>the</strong></span> <span class='ocrx_word' id='word_1_278' title='bbox 999 2838 1072 2886; x_wconf 85' lang='lat' dir='ltr'><strong>beach</strong></span> 
     </span>
     <span class='ocr_line' id='line_1_36' title="bbox 152 2892 1073 2960; baseline 0.004 -18"><span class='ocrx_word' id='word_1_279' title='bbox 152 2893 226 2942; x_wconf 83' lang='lat' dir='ltr'><strong>down</strong></span> <span class='ocrx_word' id='word_1_280' title='bbox 237 2892 288 2940; x_wconf 87' lang='lat' dir='ltr'><strong>into</strong></span> <span class='ocrx_word' id='word_1_281' title='bbox 298 2892 340 2940; x_wconf 85' lang='lat' dir='ltr'><strong>the</strong></span> <span class='ocrx_word' id='word_1_282' title='bbox 351 2904 442 2950; x_wconf 66' lang='lat' dir='ltr'><strong>waren</strong></span> <span class='ocrx_word' id='word_1_283' title='bbox 460 2892 536 2960; x_wconf 80' lang='lat' dir='ltr'><strong>hence</strong></span> <span class='ocrx_word' id='word_1_284' title='bbox 550 2898 590 2941; x_wconf 87' lang='lat' dir='ltr'><strong>‘to</strong></span> <span class='ocrx_word' id='word_1_285' title='bbox 601 2893 705 2942; x_wconf 67' lang='lat' dir='ltr'><strong>launch!</strong></span> <span class='ocrx_word' id='word_1_286' title='bbox 738 2893 858 2954; x_wconf 85' lang='lat' dir='ltr'><strong>Compare</strong></span> <span class='ocrx_word' id='word_1_287' title='bbox 869 2894 940 2954; x_wconf 86' lang='lat' dir='ltr'><strong>ohap.</strong></span> <span class='ocrx_word' id='word_1_288' title='bbox 951 2899 973 2952; x_wconf 87' lang='lat'><strong>1,</strong></span> <span class='ocrx_word' id='word_1_289' title='bbox 984 2907 1042 2946; x_wconf 89' lang='lat' dir='ltr'><strong>note</strong></span> <span class='ocrx_word' id='word_1_290' title='bbox 1052 2900 1073 2946; x_wconf 84' lang='grc'><strong>3.</strong></span> 
     </span>
    </p>
   </div>
   <div class='ocr_carea' id='block_1_6' title="bbox 153 2965 1118 3141">
    <p class='ocr_par' dir='ltr' id='par_1_9' title="bbox 153 2965 1118 3141">
     <span class='ocr_line' id='line_1_37' title="bbox 181 2965 1074 3036; baseline 0.009 -24"><span class='ocrx_word' id='word_1_291' title='bbox 181 2966 191 2994; x_wconf 82' lang='lat'><strong>⁴</strong></span> <span class='ocrx_word' id='word_1_292' title='bbox 201 2965 255 3013; x_wconf 89' lang='lat' dir='ltr'><strong>The</strong></span> <span class='ocrx_word' id='word_1_293' title='bbox 266 2975 320 3025; x_wconf 86' lang='lat' dir='ltr'><strong>port</strong></span> <span class='ocrx_word' id='word_1_294' title='bbox 331 2965 393 3013; x_wconf 84' lang='lat' dir='ltr'><strong>Itius</strong></span> <span class='ocrx_word' id='word_1_295' title='bbox 404 2981 455 3014; x_wconf 75' lang='lat' dir='ltr'><strong>tvae</strong></span> <span class='ocrx_word' id='word_1_296' title='bbox 466 2965 543 3033; x_wconf 78' lang='lat' dir='ltr'><strong>either</strong></span> <span class='ocrx_word' id='word_1_297' title='bbox 554 2965 595 3014; x_wconf 90' lang='lat' dir='ltr'><strong>the</strong></span> <span class='ocrx_word' id='word_1_298' title='bbox 606 2965 706 3035; x_wconf 75' lang='lat' dir='ltr'><strong>modern</strong></span> <span class='ocrx_word' id='word_1_299' title='bbox 714 2966 876 3036; x_wconf 81' lang='lat' dir='ltr'><strong>Ambleteuae</strong></span> <span class='ocrx_word' id='word_1_300' title='bbox 886 2983 914 3016; x_wconf 89' lang='lat' dir='ltr'><strong>or</strong></span> <span class='ocrx_word' id='word_1_301' title='bbox 923 2967 1020 3026; x_wconf 80' lang='lat' dir='ltr'><strong>Calais,</strong></span> <span class='ocrx_word' id='word_1_302' title='bbox 1030 2969 1074 3020; x_wconf 91' lang='lat' dir='ltr'><strong>and</strong></span> 
     </span>
     <span class='ocr_line' id='line_1_38' title="bbox 153 3023 1118 3141; baseline 0.01 -71"><span class='ocrx_word' id='word_1_303' title='bbox 153 3036 337 3138; x_wconf 50' lang='lat' dir='ltr'><strong>ffixffif,</strong></span> <span class='ocrx_word' id='word_1_304' title='bbox 349 3023 593 3141; x_wconf 44' lang='lat' dir='ltr'><strong>isvuppoqqffiqeam</strong></span> <span class='ocrx_word' id='word_1_305' title='bbox 613 3025 666 3073; x_wconf 85' lang='lat' dir='ltr'><strong>that</strong></span> <span class='ocrx_word' id='word_1_306' title='bbox 681 3041 711 3082; x_wconf 86' lang='lat' dir='ltr'><strong>rs,</strong></span> <span class='ocrx_word' id='word_1_307' title='bbox 725 3025 858 3076; x_wconf 87' lang='lat' dir='ltr'><strong>Wrt-sand.</strong></span> <span class='ocrx_word' id='word_1_308' title='bbox 890 3026 938 3076; x_wconf 84' lang='lat' dir='ltr'><strong>See</strong></span> <span class='ocrx_word' id='word_1_309' title='bbox 958 3028 1074 3079; x_wconf 72' lang='grc' dir='ltr'>Οῑωιιιιιι</span> <span class='ocrx_word' id='word_1_310' title='bbox 1117 3057 1118 3064; x_wconf 47' lang='lat'>1</span> 
     </span>
    </p>
   </div>
   <div class='ocr_carea' id='block_1_7' title="bbox 182 3157 1118 3362">
    <p class='ocr_par' dir='ltr' id='par_1_10' title="bbox 182 3157 1118 3362">
     <span class='ocr_line' id='line_1_39' title="bbox 182 3157 623 3218; baseline 0.002 -12"><span class='ocrx_word' id='word_1_311' title='bbox 182 3159 267 3208; x_wconf 78' lang='lat' dir='ltr'><strong>&#39;Huic</strong></span> <span class='ocrx_word' id='word_1_312' title='bbox 277 3161 325 3216; x_wconf 58' lang='lat' dir='ltr'><strong>res}</strong></span> <span class='ocrx_word' id='word_1_313' title='bbox 342 3157 448 3218; x_wconf 78' lang='lat' dir='ltr'><strong>hemely,</strong></span> <span class='ocrx_word' id='word_1_314' title='bbox 461 3159 623 3207; x_wconf 73' lang='lat' dir='ltr'><strong>traeamiearri.</strong></span> 
     </span>
     <span class='ocr_line' id='line_1_40' title="bbox 182 3219 443 3296; baseline 0.004 -19"><span class='ocrx_word' id='word_1_315' title='bbox 182 3219 443 3296; x_wconf 55' lang='lat' dir='ltr'><strong>⁸mnmnm</strong></span> 
     </span>
     <span class='ocr_line' id='line_1_41' title="bbox 183 3300 1118 3362; baseline 0.014 -14"><span class='ocrx_word' id='word_1_316' title='bbox 183 3300 257 3350; x_wconf 83' lang='lat' dir='ltr'><strong>&#39;The</strong></span> <span class='ocrx_word' id='word_1_317' title='bbox 267 3303 342 3352; x_wconf 85' lang='lat' dir='ltr'><strong>forest</strong></span> <span class='ocrx_word' id='word_1_318' title='bbox 353 3303 431 3352; x_wconf 82' lang='lat' dir='ltr'><strong>called</strong></span> <span class='ocrx_word' id='word_1_319' title='bbox 441 3301 574 3352; x_wconf 85' lang='lat' dir='ltr'><strong>Arduenna</strong></span> <span class='ocrx_word' id='word_1_320' title='bbox 584 3304 704 3355; x_wconf 86' lang='lat' dir='ltr'><strong>extended</strong></span> <span class='ocrx_word' id='word_1_321' title='bbox 714 3305 776 3357; x_wconf 80' lang='lat' dir='ltr'><strong>from</strong></span> <span class='ocrx_word' id='word_1_322' title='bbox 786 3307 828 3357; x_wconf 88' lang='lat' dir='ltr'><strong>the</strong></span> <span class='ocrx_word' id='word_1_323' title='bbox 837 3317 945 3359; x_wconf 83' lang='lat' dir='ltr'><strong>western</strong></span> <span class='ocrx_word' id='word_1_324' title='bbox 955 3311 1037 3362; x_wconf 86' lang='lat' dir='ltr'><strong>banks</strong></span> <span class='ocrx_word' id='word_1_325' title='bbox 1046 3311 1074 3361; x_wconf 88' lang='lat' dir='ltr'><strong>ol</strong></span> <span class='ocrx_word' id='word_1_326' title='bbox 1117 3315 1118 3320; x_wconf 78' lang='grc'>’</span> 
     </span>
    </p>
   </div>
   <div class='ocr_carea' id='block_1_8' title="bbox 155 3356 1118 3444">
    <p class='ocr_par' dir='ltr' id='par_1_11' title="bbox 155 3356 1118 3444">
     <span class='ocr_line' id='line_1_42' title="bbox 155 3356 1118 3444; baseline 0.017 -38"><span class='ocrx_word' id='word_1_327' title='bbox 155 3356 286 3409; x_wconf 85' lang='lat' dir='ltr'><strong>theRhioe</strong></span> <span class='ocrx_word' id='word_1_328' title='bbox 297 3361 453 3412; x_wconf 82' lang='lat' dir='ltr'><strong>esleraethe</strong></span> <span class='ocrx_word' id='word_1_329' title='bbox 464 3361 562 3412; x_wconf 87' lang='lat' dir='ltr'><strong>mouths</strong></span> <span class='ocrx_word' id='word_1_330' title='bbox 571 3363 599 3412; x_wconf 84' lang='grc' dir='ltr'><strong>οι</strong></span> <span class='ocrx_word' id='word_1_331' title='bbox 606 3365 647 3414; x_wconf 87' lang='lat' dir='ltr'><strong>the</strong></span> <span class='ocrx_word' id='word_1_332' title='bbox 657 3364 744 3434; x_wconf 78' lang='lat' dir='ltr'><strong>Mense</strong></span> <span class='ocrx_word' id='word_1_333' title='bbox 756 3367 803 3417; x_wconf 83' lang='lat' dir='ltr'><strong>and</strong></span> <span class='ocrx_word' id='word_1_334' title='bbox 812 3367 925 3418; x_wconf 80' lang='lat' dir='ltr'><strong>Sehelde.</strong></span> <span class='ocrx_word' id='word_1_335' title='bbox 952 3369 1074 3433; x_wconf 83' lang='lat' dir='ltr'><strong>Compare</strong></span> <span class='ocrx_word' id='word_1_336' title='bbox 1117 3435 1118 3444; x_wconf 11' lang='grc' dir='ltr'>ἵ</span> 
     </span>
    </p>
   </div>
   <div class='ocr_carea' id='block_1_9' title="bbox 0 0 1140 3786">
    <p class='ocr_par' dir='ltr' id='par_1_12' title="bbox 0 0 1140 3786">
     <span class='ocr_line' id='line_1_43' title="bbox 0 0 1140 3786; baseline 0 1"><span class='ocrx_word' id='word_1_337' title='bbox 0 0 1140 3786; x_wconf 95' lang='lat' dir='ltr'><strong> </strong></span> 
     </span>
    </p>
   </div>
  </div>
 </body>
</html>
