2268 3786
152 273 207 335 ttt
449 287 489 329 ns
511 284 763 331 numennumen

9 405 11 432 ³
60 413 80 461 e
148 403 271 461 uivitstes
293 397 472 478 sqllicitsrent,
494 397 626 470 pecunius
654 397 848 468 pollicerentur,
871 414 970 468 magus
992 408 1067 470 perte
1124 435 1125 440 κ

149 471 282 526 exereitus
293 469 376 524 nostri
386 467 532 538 interiecta,
546 467 629 520 multo
640 469 771 522 minorem
787 482 929 538 superesse
948 467 1067 524 dicerem
1124 467 1125 476 ’

149 551 260 613 panem.
296 541 393 609 Neque
415 547 505 592 umen
523 537 570 592 ulli
588 538 689 591 civitati
707 538 900 592 Germanorum
916 539 1068 608 persuaderi

149 611 239 690 potnit,
250 619 283 664 ut
300 608 422 665 Rhenum
441 608 569 675 transiret,
589 624 672 677 quum
690 624 719 660 se
739 607 781 660 bis
797 617 922 676 expertos
939 608 1066 678 dicerent,
1124 669 1125 678 ἒ

151 681 274 736 Ariovisti
297 677 377 735 bello¹
395 689 420 731 et
440 677 629 732 Tencterorum
647 677 776 747 transitu,²
793 693 845 728 non
860 693 929 732 resse
954 678 1068 748 amplius
1124 725 1125 736 ,

150 751 281 808 fortunam
307 748 469 802 tentandam.
505 747 562 800 Hac
585 763 633 816 spe
651 745 676 800 la
695 749 749 799 ,ιη’
765 745 970 817 Indutiomarus,
989 748 1068 801 nihilo

149 821 239 874 minus
254 819 344 888 copias
359 834 462 887 cogere,
481 829 648 884 exercerqa
685 817 787 870 ultimis
803 832 887 884 equos
904 833 1007 886 parare,
1025 835 1067 872 eu
1124 815 1125 886 f

150 891 222 942 sules
234 890 426 956 damnatosque
439 896 492 938 tots
504 886 599 946 cattia*
609 885 714 957 magnis
730 887 858 965 praemiis
873 887 952 939 sdse
964 887 1067 940 allicere
1124 887 1125 944 Ῐ

150 959 246 1027 coepit.
282 959 437 1010 Actentam
456 956 507 1008 eibi
523 955 715 1028 jumlisrebus
732 955 866 1018 ror-Gellia
883 959 1079 1010 auctoritatem
1124 983 1125 986 ¹

150 1034 356 1096 comparaverat,
376 1036 403 1080 ut
422 1025 539 1096 undique
561 1027 597 1077 ad
620 1041 682 1078 eum
706 1024 852 1094 legationes
874 1039 1066 1094 concurrerent,
1124 1027 1125 1066 ἶ

150 1099 260 1165 gratiam
274 1103 354 1164 atque
367 1095 511 1148 amicitiam
524 1095 630 1164 publice
642 1095 820 1164 privatimque
831 1104 964 1164 peterent.
1009 1123 1012 1128 ·
1055 1154 1058 1160 ,

185 1170 226 1218 56.
245 1163 297 1218 Ubi
315 1164 445 1218 intellexit
468 1164 535 1216 ultro
558 1165 645 1216 adse
664 1165 753 1230 veniri,
772 1163 856 1216 altem
873 1179 908 1218 en
933 1177 1009 1232 purte
1026 1167 1067 1220 Se·
1124 1229 1125 1234 η

150 1251 233 1288 nones
251 1235 435 1303 Carnutesque
450 1233 611 1288 conscientia
629 1233 752 1292 facinoris
769 1233 898 1302 instigari,
907 1233 996 1287 ultera
1006 1237 1068 1289 Ner·
1124 1287 1125 1296 ἶ

151 1303 207 1357 vics
219 1303 425 1372 Aduatucosque
437 1303 538 1358 bellum
553 1304 679 1356 Remsuis
692 1320 792 1372 perere,
805 1319 894 1372 neque
913 1305 966 1357 sibi
979 1307 1067 1358 volun·
1124 1309 1125 1364 ᾗ

151 1375 276 1430 lariorum
296 1375 386 1443 copias
403 1369 501 1440 delore,
516 1374 584 1426 si‘ex
596 1372 693 1426 finibus
707 1372 765 1427 suis
776 1373 904 1441 ‘progredi
921 1375 1067 1444 coepisset:
1124 1369 1125 1406 ³

148 1453 281 1498 armatum
299 1443 441 1500 concilium
460 1442 641 1512 indiciqlhnc
659 1458 732 1496 mora
749 1441 884 1496 Gallorum
904 1445 1068 1498 est-initium

150 1513 227 1584 belli)
250 1529 310 1584 quo·
324 1511 384 1582 lege
407 1509 548 1574 communi
565 1528 659 1564 omnes
681 1512 797 1581 puberes
814 1513 909 1566 armati
928 1515 1069 1566 convenire
1124 1523 1125 1576 ξ

150 1592 323 1649 consuerunt3
365 1583 496 1636 ciariis
516 1581 677 1636 novissimus
695 1580 775 1647 venit,
794 1581 822 1633 in
839 1593 984 1652 conspectu
1005 1583 1068 1637 rnul-
1124 1589 1125 1594 ’

150 1653 271 1706 titudinis
285 1653 356 1706 omni
376 1669 408 1705 us
425 1651 588 1710 cruciatibus
609 1650 732 1704 adlectus
754 1659 873 1704 necatur.
910 1653 939 1706 ln
958 1670 993 1706 eo
1012 1669 1068 1706 con-

150 1722 210 1776 cilio
233 1721 443 1791 Cingetorigem,
467 1721 575 1783 alterius
604 1720 749 1790 principem
780 1718 920 1791 lectionis„
939 1739 1069 1790 generum

138 1809 237 1861 sumn,
251 1792 345 1860 (quem
357 1807 436 1860 supro
447 1789 696 1856 demonstravimus,
705 1789 825 1844 Caesaris
835 1801 960 1844 secutum
978 1791 1069 1860 fidem,
1124 1845 1125 1850 ,

150 1861 187 1914 ab
196 1877 227 1914 eo
239 1877 290 1914 non
303 1859 480 1930 discessisse)
493 1859 596 1927 bostem
614 1858 713 1928 judicet
732 1859 853 1927 bonaque
871 1859 931 1927 eius
943 1860 1070 1929 publicat.
1124 1875 1125 1928 ζ

150 1929 200 1982 His
217 1928 297 1982 rebus
319 1927 454 2009 conlectis,
474 1930 499 1982 in
518 1929 628 1982 concilio
642 1923 808 1997 pronunciat,
826 1930 989 1994 propesitum
1008 1947 1071 1984 sea
1124 1949 1125 2000 t

124 2019 126 2023 ¹
150 1998 296 2056 Senonibus
308 1997 560 2052 etCamutrbusslii
577 2000 579 2004 ’
612 2015 628 2050 e
645 1997 825 2066 compluribus
836 1998 941 2052 Galliae
960 2000 1071 2053 ciuitati·

150 2068 208 2136 bus,
222 2066 285 2120 huc⁶
297 2068 346 2120 iter
363 2066 496 2121 iacturum
514 2083 561 2138 per
597 2083 645 2120 nes
662 2067 815 2136 Remorum,
828 2083 977 2136 eorumque
995 2085 1071 2138 egros
1124 2069 1125 2082 ¹

79 2147 83 2160 ¹
150 2136 335 2206 populaturum
347 2151 380 2188 ac
392 2137 471 2206 prius,
502 2153 571 2192 uam,
583 2135 610 2189 id
629 2135 725 2206 saciat,
738 2136 849 2190 Labieni
867 2147 956 2190 cestra
972 2149 1070 2209 oppug-

151 2216 288 2258 naturum:
308 2155 529 2275 quaefierirdlit,
543 2207 680 2275 praecipit.
712 2249 714 2263 ,
827 2205 833 2244 Ἀ
1124 2209 1125 2248 t

185 2279 226 2328 st.
247 2275 388 2345 Labienus,
407 2290 490 2344 quum
509 2284 540 2329 ct'
554 2272 603 2327 loci
629 2284 769 2328 nature-et·
783 2291 865 2331 manu
882 2276 1072 2331 munitissimis

150 2345 246 2398 castris
263 2361 324 2398 sese
335 2354 449 2416 teneret,
458 2345 493 2398 de
505 2361 553 2398 suc
565 2361 598 2400 ac
609 2345 726 2413 legionis
732 2343 851 2415 periculo
861 2343 928 2397 nihil
941 2345 1070 2415 timebat,

150 2431 185 2470 uo
203 2431 283 2484 quern
301 2414 469 2470 occasionem
481 2415 519 2468 rei
532 2414 601 2467 bene
612 2414 746 2482 gerendae
759 2412 913 2482 dimitteret,
924 2415 1070 2482 cogitabat.

151 2485 242 2554 ltaque
260 2499 277 2536 a
294 2484 460 2553 Cingetorige
478 2492 557 2554 etque
576 2483 636 2536 e'us
653 2483 809 2552 propinquis
824 2481 941 2538 oratione
954 2484 1071 2538 indutio·

150 2556 216 2608 mari
240 2556 353 2634 cognita,
370 2569 453 2623 quarn
471 2555 498 2607 in
516 2553 625 2610 conciis
648 2551 791 2622 habuerat,
805 2552 915 2606 nuncios
936 2553 1020 2607 mit-lit
1036 2553 1069 2608 ed

150 2623 277 2676 finitimas
300 2624 423 2676 civitates
446 2623 603 2692 equitesque
627 2621 745 2690 undique
769 2619 885 2674 evocati
909 2621 943 2674 iis
965 2630 1071 2676 certum

149 2693 222 2746 diem
241 2692 417 2746 conveniendi
436 2692 510 2746 dicit.
547 2691 655 2745 interim
675 2708 756 2788 prope
774 2690 892 2762 quotidie
912 2707 976 2749 cum
997 2692 1071 2746 omui

149 2762 268 2830 equitatu
293 2761 487 2816 Indutiomarus
510 2761 559 2814 sub
582 2761 675 2815 castris
701 2777 760 2831 ejus
778 2759 930 2830 vagabatur,
950 2761 1020 2815 alies
1042 2770 1071 2816 ut

178 2921 381 2980 ¹Seei.3t‚&c.
445 2937 449 2946 ‘

177 2995 242 3044 'See
254 2994 285 3052 ir.
299 2999 320 3051 1,
335 2995 383 3044 dac.
413 3031 414 3034 ,

142 3095 143 3098 =
176 3067 290 3130 ‘Lopsus
302 3066 359 3116 here
371 3068 391 3116 is
402 3067 539 3127 equivalent
551 3075 576 3114 to
589 3063 787 3126 ‘disappointed'

177 3139 262 3187 ⁴That
272 3139 302 3196 is,
316 3141 342 3188 in
352 3149 403 3188 totu
415 3140 504 3195 Gallio,
516 3153 544 3186 or
555 3155 600 3200 per
609 3147 680 3186 totum
693 3137 803 3190 Galliam

178 3211 310 3261 'Sesea

179 3281 265 3336 Ἥκω
283 3283 376 3338 thetis,
389 3282 492 3332 irrtotho
502 3291 605 3342 country
615 3282 643 3330 os
654 3283 697 3331 the
709 3283 817 3332 Senones
828 3285 876 3333 aud
887 3247 1022 3337 Carnutes}
1124 3339 1125 3352 ,

180 3349 247 3398 'Suc
256 3355 374 3402 metricis
388 3353 481 3402 ‘below
492 3354 533 3402 the
544 3355 633 3414 camp‚'
646 3369 673 3403 or
687 3354 767 3404 ‘close
778 3365 804 3406 tc
815 3357 956 3419 theoetup!
1124 3355 1125 3420 l
