2268 3786
455 291 547 334 usna
566 291 611 334 rrr.
951 271 989 334 st

67 399 220 470 Nanneius,
233 399 400 470 Ambiliatos,
412 400 539 470 Morinos,
553 399 720 470 Diablintres,
733 400 875 470 Menapios
891 399 990 456 adscis-

67 478 147 524 cunt:
170 469 270 522 auxilia
287 487 321 524 ex
341 469 480 540 Britannia,
493 485 562 542 quas
581 477 672 524 contra
691 486 739 524 sas
758 469 887 539 regiense
905 470 992 542 posita

67 547 317 662 eatigrolirhhihne
328 607 501 662 difficultates
512 608 576 663 balli
592 607 710 678 gerendi,
724 625 791 678 quas
809 623 888 678 supra
904 617 991 664 osten·

67 676 169 758 dimus,
182 678 231 730 sed
248 677 333 731 multa
349 676 653 801 Caesarem'tassffingd
671 676 698 731 id
716 677 990 801 igihffiiifflssm}

67 755 583 886 ilneldlitihherfflhhhlhiioediliiinhlbsidib
634 763 823 870 minitatum
837 763 995 887 conjuretpoihf

67 889 95 940 in
114 887 212 956 primis
231 902 265 938 ne
283 886 333 939 hac
350 895 424 956 parte
442 885 566 956 neglecta
585 886 703 955 reiquae
721 886 841 939 nationes
852 886 902 940 sibi
918 885 990 940 idem
1059 881 1070 901 ⁶

67 955 152 1010 licere
176 955 370 1010 arbitrarentur.
414 957 506 1026 ltaque
533 971 597 1008 oum
625 953 708 1008 intelli
745 966 783 1008 ret
812 971 906 1009 omnes
935 955 991 1008 sere

66 1025 163 1078 Gallos
175 1025 253 1078 novis
266 1026 344 1078 rebus
355 1024 462 1078 studere
475 1025 548 1078 etad
559 1024 660 1078 bellum
673 1041 717 1078 mo
737 1025 805 1078 iliter
816 1024 990 1095 celeriterque

66 1095 189 1164 excitari,
200 1111 294 1148 omnes
305 1104 394 1148 autern
408 1095 530 1148 homines
541 1103 635 1147 natura
646 1093 760 1148 libertati
772 1095 878 1148 studere
891 1103 918 1148 et
929 1111 990 1148 con·

52 1164 201 1218 *ditionem
213 1164 347 1218 servitutis
357 1165 454 1234 odisse,
468 1163 623 1243 priusquam
640 1163 730 1234 plures
747 1164 871 1218 civitates
887 1165 990 1236 censpi-

67 1246 166 1302 rarent‚
189 1233 359 1304 partiendum
379 1235 430 1288 sibi
452 1251 485 1287 ao
508 1233 589 1287 latius
610 1232 823 1288 distribuendum
843 1234 990 1288 exercitum

66 1305 184 1374 putarit.

64 1401 81 1425 a
109 1380 148 1427 ll.
179 1373 274 1442 Itaque
297 1371 387 1426 Titum
411 1372 562 1426 Labienum
590 1372 710 1441 legatum
739 1371 766 1424 in
789 1372 919 1442 TrarIros,
944 1374 990 1442 qui

66 1443 183 1514 proximi
212 1441 316 1496 flumini
342 1441 434 1496 Rheno
458 1450 525 1511 sunt,
550 1457 613 1496 cum
637 1442 756 1510 equitatu
786 1440 876 1496 mittit.
921 1442 990 1495 Huic

66 1512 188 1578 mandat,
202 1512 301 1565 Remos
318 1511 487 1582 reliquosque
499 1510 595 1580 Belgas
608 1510 688 1564 adeat
699 1519 779 1579 atque
792 1511 818 1564 in
830 1510 917 1564 officio
929 1527 989 1564 oon·

66 1583 161 1652 lineat,
175 1582 383 1650 Germanosque,
396 1582 442 1652 qui
455 1581 582 1636 auxilios
593 1579 683 1650 Belgis
693 1579 812 1634 arcessiti
824 1578 988 1648 dicebantur,

67 1652 92 1704 si
110 1651 229 1722 pervim
247 1651 361 1704 navibus
379 1651 479 1704 flurnen
498 1651 610 1704 transire
628 1659 763 1718 conentur,
776 1648 922 1720 prohibeat.
958 1649 988 1702 Ρ.

67 1721 196 1774 Crassum
217 1737 278 1774 curn
300 1719 449 1774 cohortibus
469 1719 618 1790 legionariis
637 1719 699 1773 rur.⁸
715 1727 742 1772 et
762 1735 859 1788 magno
879 1733 989 1773 nurnero

67 1790 206 1861 equitatus
217 1789 243 1842 in
257 1792 282 1844 A
301 1789 429 1843 uitaniarn
450 1789 579 1859 proficisci
595 1789 679 1859 jubet,
692 1805 726 1842 ne
739 1789 781 1842 his
792 1805 826 1842 err
838 1788 989 1843 nationibus

67 1861 170 1914 auxilia
193 1859 220 1912 in
245 1807 360 1912 Gailiam
385 1859 528 1926 mittantur,
553 1875 585 1912 ac
615 1867 704 1912 tantas
728 1859 857 1913 nationes*
880 1858 988 1929 conjun-

66 1939 173 1998 gantur.
210 1929 340 1988 Quinturn
359 1930 492 1982 Titurium
514 1927 642 1982 Sabinum
664 1928 783 1997 legatum
807 1945 870 1982 cum
890 1928 988 1999 legion·

68 2000 131 2053 ibus
154 1998 240 2052 tribus
260 1999 286 2051 in
306 1998 422 2066 Unellos,
444 1997 614 2052 Coriosolitas
633 1998 748 2052 Lexoric
781 2015 815 2051 ue
835 1998 914 2052 mittit
942 1998 989 2069 qui

67 2085 130 2124 eam
152 2085 264 2121 manum
283 2067 467 2121 distinendam·
480 2077 563 2121 curet.
600 2068 741 2122 Decimum
782 2076 869 2122 rutum
921 2068 988 2122 cles·

67 2148 178 2192 centem
203 2137 281 2190 classi
305 2137 467 2206 Gallicisque
491 2137 611 2204 naribus,
636 2154 704 2206 quas
726 2151 762 2192 ex
783 2138 938 2193 Pictonibus
961 2147 988 2192 ct

67 2207 193 2262 Santonis
216 2206 377 2276 reliquisque
401 2206 503 2276 pacatis
526 2206 679 2276 regionibus
701 2208 842 2260 convenire
865 2207 987 2278 jusserat,

68 2277 189 2346 praeficit
207 2287 233 2328 at
252 2293 315 2330 cum
332 2275 446 2346 primum
466 2285 563 2346 posset,
576 2276 602 2330 in
618 2276 736 2330 Venetos
753 2276 882 2348 proficisci
902 2277 986 2348 jubet.

68 2347 129 2419 lpse
143 2363 176 2399 eo
188 2345 357 2415 pedestribus
368 2345 449 2415 copiis
460 2344 602 2398 contendit.

57 2447 68 2466 .
106 2421 147 2470 12.
169 2416 250 2470 Erant
262 2414 395 2485 ejusmodi
412 2413 468 2467 fers
486 2414 554 2468 situs
570 2414 734 2485 oppidorum,
747 2423 776 2468 ut
794 2413 879 2485 posita
898 2414 925 2468 in
943 2432 988 2470 ex·

68 2487 165 2540 tremis
176 2483 284 2554 lingulis
302 2484 536 2555 promunturiisque
555 2501 643 2554 neque
661 2483 776 2556 pedibus
790 2483 893 2538 aditum
906 2482 988 2537 habe·

98 2672 105 2698 ¹
116 2667 184 2716 That
195 2667 225 2722 is,
238 2667 347 2726 opposite
358 2677 385 2715 to
395 2666 464 2716 those
475 2667 597 2724 districtu
615 2667 645 2715 lre
656 2666 772 2727 probably
783 2681 867 2716 means
883 2666 925 2716 the
940 2667 988 2716 dis·

68 2727 139 2778 tricts
151 2726 275 2775 inhabited
286 2727 319 2787 by
329 2725 371 2774 the
382 2726 452 2776 allies
462 2725 491 2774 ol
502 2727 543 2775 the
556 2726 652 2776 Veneti.

96 2813 173 2862 ’The
184 2815 273 2874 equites
284 2827 324 2860 ere
335 2813 376 2860 tlre
388 2812 565 2870 ambassadors‚
572 2812 629 2861 who
635 2827 700 2860 were
708 2827 809 2872 persona
817 2813 845 2862 ol
850 2813 989 2873 equestriarl

67 2872 139 2928 rank,
153 2871 200 2919 nnd
210 2872 251 2919 the
263 2873 369 2933 injuriae
379 2881 521 2920 retentorum
557 2873 634 2920 uitam
643 2873 664 2920 is
675 2871 716 2920 the
728 2887 812 2932 wrong
822 2873 955 2933 consisting
965 2873 990 2920 in

66 2931 193 2992 detaining
204 2931 280 2986 thern,
294 2931 395 2992 though,
408 2947 434 2978 aa
445 2931 481 2979 lar
496 2947 522 2978 aa
531 2888 580 2978 etho
592 2931 671 2979 worda
687 2946 726 2979 are
742 2931 884 2987 concerned.
899 2931 990 2980 Caesar

66 2991 121 3099 8th
137 3005 194 3097 plray
205 2989 285 3058 allude
301 2999 326 3038 tc
338 3005 434 3051 wrcngs
450 2991 502 3038 that
513 3005 578 3039 wora
588 2990 651 3040 done
661 2999 687 3039 tc
698 2989 739 3040 the
750 2990 918 3039 ambassadors
929 2989 990 3040 aiter

66 3061 75 3098 t
95 3063 132 3098 art
160 3058 276 3097 etentron.

97 3135 143 3184 'A
156 3136 253 3184 Roman
269 3135 349 3197 legion
365 3135 488 3186 consisted
502 3133 531 3184 of
543 3145 585 3186 teu
600 3135 706 3194 eohorts,
719 3151 746 3186 so
763 3135 815 3186 that
828 3135 932 3187 Crassus
942 3135 990 3187 had

66 3211 115 3245 ons
127 3195 205 3244 entire
216 3195 296 3256 legion
307 3195 354 3245 and
365 3206 414 3245 two
425 3195 529 3246 cohorte.
898 3213 900 3218 ·

98 3281 236 3406 ‘Negrelffi
249 3282 291 3332 the
304 3282 380 3333 Gauls
396 3283 443 3334 aud
453 3282 624 3345 Aquitanicus.
