2272 3788
456 296 546 344 mur
566 297 618 343 rra.
929 281 989 348 bl&

60 411 151 483 .viis]‚
176 411 250 465 milis
272 425 375 477 mr.;
438 423 496 466 rem
526 424 665 466 numerum
694 413 828 484 Arvernis,
858 414 990 486 adjacens

77 481 236 537 Eleutheris
254 482 386 551 cadurcis,
424 482 516 550 abelis,
529 483 662 551 Velaunis,
675 483 721 552 qui
743 483 792 537 sub
812 485 922 554 irnperio
941 488 989 540 Aa*

78 564 222 604 vernorum
238 567 298 604 esse
317 560 489 620 consuerunt3
507 551 660 621 Senonibus,
673 552 706 606 Se
725 554 808 622 uenis,
821 553 988 626 Biturigibus,

78 621 212 688 Santonis,
231 621 348 690 Rutenis,
361 622 519 675 Carnutibus
536 623 659 675 duodena
676 569 765 676 tuliis·
783 621 930 677 Bellovacis
947 633 973 679 tt.
982 639 989 694 3

78 690 194 744 totidem
206 691 408 759 Lemovicibus;
425 700 517 744 octona
534 691 686 745 Pictonibus
703 701 730 744 et
772 693 858 746 uronis
876 703 902 746 et
921 694 991 748 Pari·

79 761 131 813 siis
142 769 169 812 et
181 759 283 813 Helviis
290 777 297 829 3
315 760 506 831 suessionibus,
515 762 662 831 Ambisnis,
675 762 889 832 Mediomatricis,
903 763 991 816 Petite·

78 831 168 898 coriis,
187 831 301 899 Nerviis,
320 829 438 900 Morinis,
457 831 649 898 Nitiobrigibus
666 832 746 900 quina
763 832 851 902 arilia,
870 831 992 886 Aulercis

78 901 242 954 Cenomanis
260 901 384 969 totidem;
409 900 580 953 Atrebatibus
598 917 636 953 rr.
646 916 654 968 ;
678 901 841 972 Ballccassls,
860 903 989 974 Lenonis,

78 969 207 1024 Aulercis
230 969 396 1023 Eburonibus
418 977 507 1039 terna,
535 970 660 1024 meracis
683 979 709 1023 et
732 971 802 1024 Boiis
824 985 904 1041 κω
934 973 990 1026 uni·

77 1039 169 1092 versis
188 1038 346 1110 civitatibus,
366 1051 435 1108 quae
455 1040 594 1092 Oceanum
609 1039 740 1108 attingunt
759 1053 879 1122 quaeque
900 1051 989 1094 eorunt

78 1108 275 1162 consuetudine
295 1109 446 1161 Armoricae
468 1109 639 1177 appellantur,
673 1125 724 1178 quo
748 1118 809 1162 sunt
831 1129 858 1163 rn
882 1125 991 1164 numero

78 1177 262 1247 Curiosolites,
286 1177 434 1248 Rbedones,
455 1178 600 1248 Ambibari,
625 1179 737 1246 Caeles,
761 1179 874 1250 Osismii,
897 1181 989 1234 Lemo·

77 1247 164 1316 vices,
175 1247 281 1316 Veneti,
290 1247 390 1318 Unelli)
402 1263 458 1300 serr.
493 1248 533 1300 Ex
545 1247 586 1300 his
604 1247 736 1300 bellovaci
755 1260 832 1301 suurn
849 1257 991 1303 numerant

77 1331 135 1373 nott
148 1317 320 1385 contulerunt,
334 1317 403 1386 quod
416 1325 444 1369 se
457 1323 505 1369 suo
522 1317 627 1370 nomine
645 1325 724 1385 etque
741 1316 845 1370 arbitrio
863 1335 924 1372 curn
942 1320 990 1373 tto

78 1387 170 1440 manis
191 1386 291 1439 bellurn
316 1393 435 1454 gesturos
458 1385 582 1455 dicerent,
600 1398 687 1455 neque
706 1385 862 1457 cujusquam
879 1388 991 1457 irnperio

77 1455 325 1524 obtemperaturos:
344 1457 425 1524 rogati
444 1463 533 1510 tanuen
550 1456 586 1509 ab'
602 1455 729 1526 Commio,
743 1463 788 1525 pro
805 1455 862 1526 ejus
880 1456 991 1527 bospitio

78 1526 147 1580 bina
159 1525 231 1578 milis
243 1526 380 1578 miserunt.

119 1599 162 1647 76.
180 1593 266 1665 Hujus
288 1609 368 1664 opera
388 1594 509 1663 Commii,
530 1593 573 1646 it'a'
586 1601 615 1647 ut
638 1601 716 1648 antea
736 1593 990 1666 demonstravimus,³

78 1664 157 1719 fideli
176 1671 256 1733 atque
276 1664 335 1717 otili
354 1663 530 1732 superioribus
552 1663 629 1716 annis
653 1669 708 1716 etat
728 1670 791 1716 osus
810 1664 837 1716 in
858 1664 991 1717 Britannia

78 1736 196 1789 Caesar:
216 1733 313 1814 quibus
323 1732 367 1785 ille
379 1749 424 1801 pro
436 1733 537 1786 meritis
548 1733 682 1787 civitatem
696 1732 754 1802 ejus
766 1733 912 1786 irntnunenr
930 1747 990 1788 esse

81 1805 203 1872 'assent
222 1819 282 1924 ,rura
302 1802 428 1871 legesque
448 1801 599 1855 reddiderat
616 1809 701 1871 atque·
716 1802 765 1871 ipsi
784 1803 901 1856 Morinos
920 1804 991 1856 attus

77 1821 185 1927 buerat.
245 1882 306 1924 anta
316 1879 405 1925 tamen
417 1873 555 1924 universae
563 1871 665 1924 Galliae
677 1872 813 1924 consensio
824 1872 874 1924 icit
887 1871 990 1926 liberta·

79 1943 119 1995 tis
129 1941 301 1994 vindicandae
310 1950 337 1994 et
346 1941 471 2010 pristinae
483 1941 545 1994 belli
557 1941 645 1994 laudis
656 1942 850 2010 recuperandae
867 1950 896 1994 ut
904 1949 991 2011 nenne

78 2010 230 2079 beneficiis,
249 2025 335 2080 neque
348 2011 481 2064 amicitiae
494 2011 622 2064 memoria
638 2017 820 2064 morerentur:
846 2023 991 2080 omnesque

78 2089 111 2134 et
122 2080 212 2133 enimc
224 2089 250 2132 et
262 2079 356 2149 opibus
368 2080 392 2132 in
405 2079 432 2133 id
444 2079 545 2134 bellum
558 2081 748 2150 incumberent,
762 2081 861 2134 coactis
871 2081 992 2150 equitum

79 2157 146 2202 vni.
165 2148 272 2202 milibus
289 2157 315 2202 et
333 2148 452 2218 pediturn
470 2151 574 2202 circiter
591 2157 666 2203 corta.
703 2150 776 2202 Haeo
794 2151 821 2202 in
839 2150 992 2204 Aeduorum

77 2218 183 2274 finibus
201 2218 405 2272 recensebantur
423 2229 602 2288 numerosque
626 2218 739 2286 inibatur
747 2220 765 2270 :¹
782 2219 908 2288 praesceti
931 2227 990 2272 oon·

80 2288 273 2343 stiteebantur:
300 2287 419 2340 Commio
441 2287 568 2356 Atrebati,
592 2287 748 2340 Virdomaro
770 2296 797 2339 et
821 2288 989 2358 Eporedirigi,

80 2355 194 2425 Aeduis,
219 2356 418 2426 Vergasilleuno
441 2359 565 2426 Arverno,
590 2355 744 2408 consobrino
763 2355 990 2426 Vercingetorigis,

81 2443 190 2480 sumina
213 2427 318 2496 imperii
342 2424 458 2478 traditur.
505 2425 553 2478 His
575 2424 672 2478 delecti
694 2441 727 2476 ex
750 2425 898 2478 civitatibus
920 2427 991 2479 utar·-

81 2497 206 2566 buuntur,
230 2511 344 2566 querum
366 2493 472 2547 consilio
495 2493 596 2547 bellum
617 2494 860 2548 administraretur.¹
893 2495 992 2548 Omnes
1045 2491 1048 2498 ’

80 2565 187 2619 alacres
204 2573 231 2617 et
249 2564 364 2618 fiduciae
382 2562 454 2632 pleni
473 2564 507 2616 ad
527 2563 644 2616 Alesiam
664 2562 876 2632 proficiscuntur:
903 2577 991 2644 neque

81 2642 140 2689 erat
152 2635 270 2686 omnium
284 2633 424 2702 quisquam
445 2632 490 2702 qui
502 2632 658 2702 adspectum
676 2631 754 2686 modo
767 2641 855 2685 tantae
874 2634 991 2688 multitu·

80 2703 153 2757 dinis
166 2703 295 2780 sustinere
307 2713 384 2772 posse
396 2672 579 2772 arbitraretur,
590 2698 745 2772 praesertim
757 2703 865 2778 ancipiti
876 2703 991 2776 proelia·
1007 2775 1011 2788 ι

111 2889 120 2915 ¹
131 2885 249 2944 Compare
261 2885 292 2933 ir.
301 2888 338 2934 21.
737 2950 740 2957 Ι

110 2957 295 3065 'Matremque
313 2960 435 3016 hibetur:
467 2959 571 3020 mancip,
594 2972 688 3008 sonem.-
720 2958 796 3007 ‘their
820 2961 921 3007 number
941 2970 991 3006 was

80 3029 359 3147 comministrantem
370 3090 412 3138 the
423 3089 546 3150 imperfect
556 3089 578 3138 is
588 3090 656 3146 used,
665 3091 767 3142 because
779 3088 820 3136 tbe
831 3069 925 3150 leading
933 3089 992 3135 verb

80 3151 248 3200 attribuuntur
258 3149 279 3198 is
290 3164 321 3196 an
330 3149 451 3198 historical
463 3160 567 3208 present,
580 3149 673 3198 instead
684 3149 712 3197 of
723 3165 736 3196 a
748 3147 845 3207 perfect.

111 3223 183 3271 ‘Aac
231 3223 376 3305 praeliaturis
386 3233 427 3271 not
439 3225 468 3270 ‘a
477 3222 587 3272 doubtlirl
602 3221 696 3278 bettls‚’
709 3227 736 3270 as
746 3220 823 3276 usual,
836 3221 880 3269 but
893 3225 921 3267 ‘a
931 3225 991 3266 twa-

80 3281 133 3331 told
143 3284 195 3330 batt
204 3298 227 3336 e.
250 3295 277 3329 as
287 3281 329 3332 the
341 3281 417 3331 Gauls
428 3295 491 3331 wara
507 3292 533 3330 to
549 3281 631 3331 attach
646 3281 687 3329 the
704 3281 811 3330 Romans
826 3279 883 3328 both
896 3278 920 3326 in
931 3277 994 3326 their

80 3342 146 3391 front
157 3341 203 3389 and
215 3341 238 3388 in
249 3341 312 3390 their
322 3356 381 3390 rear.
