2272 3788
156 281 217 349 1OE
459 303 500 345 na
521 301 619 346 naue
639 301 777 345 naamon

154 422 254 468 suerat.
289 413 384 492 ltaque
398 418 428 466 ut
445 409 607 481 reliquorum
619 410 810 481 imperatorum
823 427 866 464 res
876 409 1009 466 adversae
1023 429 1092 468 auc·

157 483 291 536 toritatem
313 489 445 550 minuunt,
466 481 505 534 sic
525 479 607 550 hujus
628 497 664 534 ex
685 480 816 534 contrario
837 479 963 551 dignitas,
985 483 1092 538 incom-

155 551 236 606 modo
253 559 373 622 accepto,
387 551 414 603 in
431 549 490 602 dies
509 549 672 630 augebatur:
693 549 773 604 simul
794 549 821 602 iu
840 566 920 618 apem
937 551 1091 606 ueniebant

155 619 216 690 ejus
225 621 404 674 affirmatione
419 617 454 672 de
466 618 577 688 reliquis
587 617 765 688 adjungendis
777 618 940 690 multatibus,
954 620 1090 689 primum·

155 703 209 759 que
227 705 260 744 eo
279 702 398 759 tempore
416 688 487 742 Galli
505 697 592 741 eastre
611 688 717 741 munire
736 687 916 757 instituerunt,
930 689 1011 742 etsie
1025 697 1090 744 sunt

154 759 246 812 auimo
263 757 441 828 consternati,¹
460 757 584 810 homines
603 757 702 812 insueti
722 756 827 826 laboris,
845 765 876 810 ut
894 758 997 828 omnia,
1014 775 1089 828 quae

155 827 355 898 imperarentur,
369 826 420 881 sibi
431 825 557 898 patienda
569 834 596 878 et
608 825 766 896 perferenda
777 826 972 880 existimarent.

190 901 230 952 31.
259 899 317 952 Neo
333 897 432 966 minus,
452 911 534 964 quarn
554 903 596 948 est
608 894 757 966 pollicitus,
771 894 974 963 Vercingetorix
993 897 1089 952 animo

153 963 311 1036 laborabat,¹
323 976 350 1020 ut
363 965 478 1044 reliquae
487 964 612 1018 civitates
623 963 789 1044 ad'ungeret,
801 972 884 1084 alfiae
898 981 994 1018 earum
1013 965 1088 1034 prin·

154 1033 229 1104 cipes
246 1034 323 1088 donis
338 1033 627 1113 pollicitationibusque
644 1049 661 1086 a
683 1032 789 1086 'ciebat
852 1033 895 1086 uio
913 1033 952 1085 rei
973 1034 1088 1088 idoneos

153 1101 278 1156 homines
289 1102 343 1156 delr
363 1102 434 1172 ebat,
447 1117 560 1171 quorurn
572 1102 686 1172 quisque
702 1109 750 1156 eut
767 1102 885 1156 oratione
897 1101 1025 1173 subdola,
1039 1110 1087 1158 aut

154 1171 274 1224 amicitia
285 1119 414 1225 facillime
430 1171 490 1241 oapi
508 1179 607 1241 posset.
640 1170 696 1230 Qui
708 1171 823 1225 Avarico
841 1180 995 1240 expugnato
1014 1171 1086 1226 resu-

153 1249 255 1314 geraut,
268 1241 411 1294 armandos
427 1239 636 1309 vestiendosque
653 1249 737 1294 curet.
773 1239 858 1294 Simul
875 1249 904 1293 ut
924 1240 1085 1294 deminutae

152 1310 247 1380 oopiae
268 1310 516 1378 redintegrarentur,
538 1308 653 1378 imperat
671 1318 777 1363 certum
798 1325 944 1364 numerum
965 1309 1085 1364 militum

153 1378 314 1450 civitatibus,
327 1395 409 1449 quern
428 1386 456 1430 et
472 1393 555 1447 quum
566 1377 715 1432 antediem
733 1378 759 1431 in
777 1387 864 1431 castra
882 1377 982 1432 adduci
993 1378 1086 1448 velit?

152 1448 355 1518 sagittariosque
375 1463 455 1502 orune
490 1463 603 1517 quorum
624 1456 681 1500 erat
700 1463 864 1518 permagnus
883 1447 910 1500 in
927 1447 1020 1502 Gallie
1036 1465 1085 1502 nn-

152 1531 252 1589 merus,
265 1517 384 1598 conquiri
399 1525 429 1570 et
446 1463 481 1570 ad
499 1533 529 1569 se
545 1516 618 1570 mitti
638 1515 721 1572 'ubet
756 1516 805 1570 llis
817 1517 898 1570 rebus
909 1516 1036 1571 celeriter
1047 1517 1082 1586 id,

173 1587 225 1639 uod
254 1587 362 1641 Ararrci
392 1585 550 1664 deperierat,
575 1534 705 1656 expietur.
752 1585 865 1640 Interim
894 1585 1082 1656 Teutomatus,

187 1656 314 1710 lovioenis
341 1654 420 1726 filius,
445 1670 492 1708 rex
514 1653 703 1725 Nitiobrigum,
726 1654 805 1724 cujus
827 1663 903 1726 pater
925 1655 962 1708 ab
985 1664 1082 1710 senatu

149 1733 241 1778 nostro
259 1723 364 1778 amicus
381 1733 438 1777 erat
455 1723 614 1795 appellatus,
633 1740 696 1778 eum
715 1739 813 1792 magno
830 1724 954 1792 equitum
971 1741 1083 1778 suorum

152 1807 265 1846 nurnero
287 1801 315 1846 et
326 1809 394 1863 quos
405 1809 440 1846 ex
452 1792 597 1861 Aquitanis.
608 1791 792 1862 condunerct,⁴
801 1792 836 1845 sd
849 1809 914 1848 euru
926 1793 1058 1863 pervenit.

189 1863 231 1914 32.
250 1833 639 1933 daeer,nverioioomp1ures
656 1861 716 1915 dies
733 1871 919 1932 commoratus,
933 1879 1082 1916 summam·

153 1943 208 2000 que
226 1931 263 1984 ibi
281 1933 387 2000 copiam
406 1929 533 1984 frumeuti
552 1938 579 1983 et
599 1929 693 2000 reliqui
709 1939 878 1986 commeatus
886 1941 992 2002 nactus,
1005 1947 1081 1985 exer·

151 1999 238 2054 cituru
251 2015 285 2052 ex
297 1998 387 2052 labore
398 2007 481 2069 atque
490 1999 578 2069 inopia
590 1998 693 2055 refecit,
729 2001 791 2054 lam
808 2013 855 2070 pru
908 2000 1002 2054 hieme
1018 2017 1082 2054 cou-

151 2066 226 2120 reeta
266 2083 333 2122 uum
344 2069 401 2138 ipso
413 2068 476 2140 anni
486 2077 608 2138 ternpore
619 2068 654 2121 ad
666 2068 814 2138 gerendum
827 2067 930 2122 belum
941 2078 1082 2124 vocaretur

153 2145 181 2189 et
199 2107 234 2189 ad
247 2085 357 2190 hostem
375 2137 507 2208 proficisci
524 2137 714 2207 constituisset,
727 2138 785 2192 sive
802 2155 867 2194 euru
885 2153 922 2190 ex
936 2137 1082 2208 paludibus

152 2204 282 2274 silvisque
290 2205 397 2276 elicere,
408 2206 464 2259 sive
476 2205 614 2259 obsidione
626 2223 748 2278 premere
760 2215 863 2276 posset3
875 2207 956 2276 legati
969 2207 1003 2261 ad
1015 2224 1080 2262 eum

152 2274 288 2346 principes
306 2273 461 2328 Aeduorum
480 2275 591 2329 veniunt
611 2284 724 2348 oratum,
742 2284 773 2330 ut
790 2277 908 2330 maxime
929 2277 1080 2332 neoeaeario

151 2353 212 2396 tem.
246 2345 283 2396 re·
302 2343 403 2400 civitati
423 2343 578 2398 subveniat:
603 2359 711 2398 summo
730 2361 794 2398 esse
813 2344 839 2398 in
860 2345 979 2415 periculo
999 2347 1081 2416 rem3⁸

153 2427 188 2484 qu
225 2452 232 2482 ,
253 2429 338 2483 quum
359 2413 457 2481 singuli
476 2415 650 2482 magistratus
667 2413 815 2484 antiquitus
833 2415 918 2466 creari
938 2423 1020 2484 atque
1038 2433 1079 2470 re·

150 2481 223 2550 giam
237 2491 398 2551 potestatem
409 2489 528 2536 annuam
544 2482 664 2535 obtinere
682 2491 864 2553 consuessent,
877 2483 931 2536 duo
943 2484 1079 2552 magistra·

152 2560 213 2604 tum
221 2559 316 2620 gerent
333 2559 360 2604 et
378 2567 407 2604 ss
425 2559 537 2624 uterque
557 2567 651 2604 eorum
669 2551 775 2622 legibus
791 2562 912 2606 creatum
925 2568 986 2606 esse
999 2553 1077 2608 dicat.

181 2689 187 2716 ¹
201 2685 375 2734 Consternatus
396 2684 418 2734 is
437 2683 559 2739 ‘mosen‘
577 2685 625 2734 and
642 2685 685 2734 the
702 2701 769 2735 same
786 2701 813 2734 as
831 2689 901 2736 erecti
917 2703 944 2736 or
959 2691 1075 2748 condtuti

152 2743 232 2792 which
243 2759 284 2792 are
295 2759 362 2792 more
373 2743 512 2804 commonly
519 2744 579 2792 used
588 2745 612 2792 in
621 2743 670 2794 this
679 2759 760 2794 sense.
783 2745 1076 2808 Comprehendere.

180 2816 286 2864 'Anum
296 2819 410 2872 laborare,
426 2816 561 2878 ‘seriously
573 2825 599 2865 to
609 2827 678 2866 exert
689 2818 836 2869 ones-serf!

179 2888 264 2937 ⁸Thet
276 2889 305 2945 is,
318 2905 385 2948 quem
394 2890 481 2937 adduci
490 2891 556 2945 velit,
569 2898 591 2937 et
602 2897 658 2939 cate
667 2905 738 2952 quem
747 2892 808 2938 diem
817 2891 905 2940 adduci
914 2893 980 2950 uelit,
992 2897 1074 2944 comti-

150 2950 211 3018 Mt
230 2946 272 2996 the
289 2947 336 2996 last
353 2947 382 2996 oi
395 2946 465 2996 these
476 2947 557 2998 words
573 2963 655 3000 seems
671 2958 698 2997 to
708 2950 739 2998 be
750 2949 850 3009 implied
861 2950 885 2998 in
897 2943 939 2999 the
950 2953 1075 3015 preceding

149 3015 341 3134 nyaeddmera
351 3076 424 3126 when
434 3080 496 3128 need
507 3077 536 3126 of
541 3057 653 3137 sdldiem,
661 3077 772 3141 significa
783 3085 822 3130 ‘to
832 3080 885 3130 hire
895 3085 1071 3142 mercenarie?

149 3136 192 3186 the
203 3137 270 3185 word
282 3139 383 3186 mercede
394 3138 467 3200 being
478 3137 633 3186 understood.

178 3213 187 3239 ⁶
196 3208 363 3276 Necessarium
373 3217 464 3271 tempus
476 3210 497 3258 is
508 3209 575 3258 osten
585 3209 646 3260 used
657 3211 683 3258 in
691 3211 735 3260 the
746 3223 819 3262 senae
830 3212 859 3262 οἱ
865 3229 881 3264 ι
890 3213 952 3264 time
963 3225 988 3266 at
998 3215 1071 3266 which

148 3266 217 3314 there
226 3281 247 3312 rs
258 3281 289 3313 nn
300 3276 387 3326 urgent
399 3269 522 3328 necessity
533 3268 570 3316 sor
580 3269 728 3330 something.

178 3337 267 3395 'Rem
285 3339 375 3402 supply
383 3342 512 3405 publicam
528 3341 570 3392 the
580 3351 644 3392 state
655 3341 684 3392 ol
694 3343 737 3394 the
747 3343 839 3396 Aedui.
