2296 3796
495 311 586 354 aun
605 311 638 354 rr.
981 293 1027 366 ,60

85 434 204 478 manos
220 419 289 490 cogi,
303 419 449 474 exercitum
468 420 496 474 in
515 437 599 474 unum
618 419 707 476 mum
725 417 846 476 conduci.
881 419 952 476 Turn
964 435 1027 476 vero

86 487 288 550 dubitandum
304 507 355 542 non
371 489 542 558 existimavit,
554 489 619 560 quin
630 489 665 542 ed
677 506 723 542 eos
736 490 952 558 proficisceretur.
988 490 1027 546 Re

88 555 285 612 frumentaria
302 569 455 628 comparata
472 567 558 613 castra
572 568 662 612 movet
675 558 824 630 diebusque
837 560 941 614 circiter
952 561 1027 631 quin·

88 625 199 680 decim
211 627 246 681 ad
260 629 327 682 fines
339 628 479 698 Belgarum
491 629 621 699 pervenit.

138 700 166 748 3.
187 698 230 750 Εο
242 715 304 750 oum
317 699 352 750 de
364 698 505 768 improviso
514 698 594 752 celeri
647 699 892 769 ueomniopinione
902 700 1026 770 venisset,

21 777 23 782 '
91 765 205 834 Remi,¹
226 767 273 836 qui
293 769 403 836 proximi
422 766 525 820 Galliae
545 785 581 822 ex«
596 715 688 837 ¹lllaliigis
705 776 774 837 sunt,
793 769 827 822 ad
847 787 910 822 eum
927 767 1028 838 legatos

93 835 214 889 Ieoium
238 851 265 889 et
289 836 543 906 Andecumborium,
582 837 661 890 rimos
680 837 802 908 civitatis,
825 839 960 907 miserunt,
982 841 1029 908 qui

94 903 230 964 dicerent
243 907 283 958 se'
291 922 391 974 suaque
399 907 489 960 omnia
500 908 527 960 in
539 855 621 960 fidem
633 916 714 976 atque
723 907 754 965 in
800 916 924 962 testatem
937 909 1027 990 populi

95 973 223 1028 Romani
236 975 396 1044 permittere,
410 993 443 1029 ne
464 993 497 1028 ue
516 993 546 1030 se
563 992 626 1030 cum
638 977 727 1046 Belgis
739 995 766 1030 re
779 977 849 1047 iquis
861 993 1027 1032 consensisse

82 1059 199 1114 *neque
211 1053 303 1096 contra
314 1045 441 1114 populum
477 1062 604 1100 ornanum
619 1046 780 1117 conjurasse,
793 1057 951 1117 paratosque
967 1065 1027 1102 esse

98 1123 134 1166 et
153 1113 264 1166 obsides
281 1113 344 1167 dare
362 1123 389 1167 et
407 1115 536 1185 imperata
553 1115 642 1168 lacere
654 1128 681 1169 et
693 1115 797 1186 oppidis
809 1118 925 1188 recipere
937 1117 989 1170 etl
1018 1148 1028 1160 ·

100 1191 202 1236 mento
214 1183 363 1253 ceterisque
373 1184 452 1238 rebus
462 1183 570 1254 jurare;
583 1184 697 1254 reliquos
705 1179 799 1240 omn'es
808 1186 903 1255 Belgas
911 1187 937 1241 in
947 1188 1028 1241 armis

102 1268 182 1321 esse,
194 1253 403 1322 Germanosque,
416 1255 462 1323 qui
482 1254 522 1307 cis
539 1253 664 1308 Rhenum
682 1255 805 1325 incolant,
825 1273 884 1309 sese
904 1273 966 1310 curn
986 1255 1028 1310 his

103 1322 289 1393 conjunxisse,
303 1331 406 1376 tantum
424 1341 459 1376 ue
478 1340 538 1376 esse
557 1339 648 1378 eorum
666 1324 785 1381 omnium
804 1324 927 1395 furorem,
945 1335 974 1380 ut
992 1342 1027 1380 ne

103 1391 268 1446 Suessiones
279 1391 397 1462 quidem,
407 1341 505 1445 iratres
516 1393 778 1462 consanguineosque
791 1411 859 1463 suos,
873 1395 918 1464 qui
931 1395 1027 1452 eodem

104 1461 168 1531 jure
181 1470 209 1514 et
222 1461 317 1514 iisdem
329 1461 434 1530 legibus
445 1472 560 1532 utantur,
570 1479 654 1516 unum
665 1462 809 1533 imperium
822 1479 959 1532 unumque
970 1481 1027 1518 ma·

129 1531 249 1610 [stratum
268 1548 329 1610 oum
349 1531 412 1602 ipsis
429 1531 552 1602 habeant,
571 1530 705 1586 deterrere
723 1532 861 1602 potuerint,
880 1533 944 1602 quin
964 1549 1027 1587 oum

130 1618 153 1653 rs
165 1609 353 1654 consentirent.

144 1676 170 1723 4.
189 1670 257 1723 Cum
269 1670 304 1722 ab
316 1669 358 1723 his
366 1679 513 1740 quaereret,
523 1687 593 1739 quae
602 1669 724 1722 civitates
732 1677 899 1740 quantaeque
910 1669 936 1724 iu
945 1670 1028 1726 armis

100 1749 201 1793 *essent
210 1749 237 1792 et
246 1739 310 1809 quid
320 1740 346 1792 in
355 1739 426 1792 bello
434 1749 549 1810 possent,
560 1740 598 1792 sie
607 1739 769 1808 reperiebat:
782 1739 922 1808 plerosque
931 1739 1028 1808 Belgas

107 1827 172 1862 esse
180 1820 249 1861 ortos
257 1809 622 1878 abGermanisRhenumquo
630 1809 775 1879 antiquitus
783 1809 915 1862 traductos
922 1818 1027 1880 propter

108 1878 161 1932 loci
171 1877 336 1932 fertilitatem
347 1879 382 1932 ibi
390 1878 542 1932 consedisse
550 1879 702 1947 Gallosque,
711 1879 755 1947 qui
764 1895 797 1930 ea
805 1879 864 1932 loca
873 1878 1025 1949 incolerent,

107 1947 245 2017 expulisse
258 1949 380 2017 solosque
393 1966 460 2016 esse,
474 1949 519 2017 qui
573 1957 642 2002 trum
655 1957 802 2002 nostrornm
813 1949 943 2003 memoria
954 1949 1026 2004 omni

107 2017 197 2071 Gallia
216 2019 463 2098 vexata,Teutonos
480 2019 536 2071 Cim
559 2033 653 2086 rosque
672 2017 738 2070 intra
757 2019 824 2072 fines
843 2035 905 2073 suos
923 2018 1025 2088 ingredi

107 2086 291 2157 prohibuerint
298 2103 306 2156 ;
331 2105 384 2158 qua
407 2105 441 2140 ex
466 2103 493 2140 re
518 2087 584 2156 fieri,
603 2087 642 2140 uti
667 2104 758 2140 earum
785 2105 873 2143 rerum
897 2089 1026 2142 memoria

60 2223 63 2228 Ι
106 2173 237 2225 magnam
257 2156 305 2210 sibi
325 2157 508 2210 auctoritatem
529 2173 692 2226 magnosque
710 2157 817 2226 spiritus
834 2159 859 2212 in
879 2176 906 2212 re
918 2159 1025 2212 militari

107 2228 265 2280 sumerent.³
300 2227 339 2280 De
359 2243 469 2280 numero
489 2243 580 2280 eorum
600 2229 691 2280 omnia
715 2243 744 2278 se
768 2227 867 2280 habere
890 2245 924 2282 ex
943 2227 1048 2280 iurata-

107 2297 188 2350 Remi
214 2295 346 2364 dicebant,
370 2305 508 2366 propterea
532 2295 603 2365 quod
628 2295 869 2365 propinquitatibus
892 2315 908 2350 a
940 2296 1025 2350 niteti-

107 2365 224 2434 busque⁴
235 2365 368 2435 conjuncti
381 2375 508 2436 quantam
520 2366 634 2434 quisque
645 2365 844 2420 multitudinem
854 2367 879 2419 in
889 2365 1025 2420 communi

106 2434 252 2504 Belgarum
273 2435 384 2488 concilio
404 2435 438 2488 ad
460 2435 485 2487 id
507 2435 607 2488 bellum
629 2433 762 2502 pollicitus
785 2435 824 2505 sit,
846 2435 1023 2504 cognoverint.

108 2505 257 2560 Plurimum
279 2505 346 2557 inter
366 2521 411 2557 eos
431 2504 595 2558 Bellovacos⁶
615 2510 641 2555 et
662 2503 757 2556 virtute
778 2512 804 2556 et
823 2505 977 2557 auctoritate
997 2513 1024 2558 et

137 2658 211 2707 lThe
228 2658 301 2706 Remi
317 2657 439 2706 inhabitari
451 2658 492 2706 the
503 2668 605 2718 country
616 2659 728 2706 between
744 2656 786 2706 ths
803 2655 866 2705 river
876 2655 962 2705 Marna
977 2655 1025 2706 and

107 2717 149 2767 the
160 2717 260 2766 fiontier
271 2717 298 2766 os
310 2716 352 2764 the
369 2715 474 2777 Belgae;
492 2717 534 2764 the
551 2717 651 2764 modern
667 2727 734 2766 town
744 2715 773 2764 of
788 2715 890 2764 Rheims
905 2731 985 2764 seems
999 2725 1025 2764 to

107 2777 170 2826 have
181 2779 245 2825 been
255 2775 297 2824 the
308 2776 396 2835 capital
407 2775 434 2824 oi
440 2777 482 2824 the
494 2776 574 2824 Remi.

136 2849 243 2898 ¹Before
254 2867 287 2905 re,
298 2849 379 2898 which
390 2849 412 2896 is
422 2849 464 2902 the
475 2851 555 2910 object
563 2849 592 2896 os
595 2851 738 2910 permittere,
750 2847 862 2897 assoond
872 2865 898 2896 ae
907 2848 927 2894 is
937 2845 1022 2895 under·
1102 2903 1106 2912 ⁸

108 2910 187 2966 stood,
212 2909 291 2956 which
312 2909 333 2956 is
354 2907 396 2956 the
416 2909 511 2970 subject
532 2907 561 2955 ot'
573 2910 715 2969 permittere.
748 2907 868 2967 Compare
889 2907 958 2966 chop.
978 2909 1021 2964 313

109 2969 207 3028 Zumpt,
220 2967 275 3015 Lot.
290 2968 371 3015 Grom.
382 2967 395 3018 i
407 2970 459 3016 605.
921 2973 922 2976 ’

137 3040 262 3102 'Magnos
272 3041 374 3102 sps'eitm
384 3041 431 3088 atti
440 3057 539 3097 sumne,
553 3043 594 3087 ‘to
604 3040 674 3088 boast
685 3039 796 3100 greatly?
830 3038 950 3105 Compare
961 3037 976 3086 i.
986 3040 1022 3086 33.

136 3114 328 3176 ⁴Propiaqaitos
340 3114 361 3161 is
372 3113 529 3172 relationsbip
547 3114 581 3172 by
592 3112 673 3167 blood,
686 3113 733 3160 aud
747 3114 851 3174 affinitas
867 3109 1023 3171 relationsbip

108 3173 199 3235 arising
209 3173 271 3221 stom
282 3173 483 3233 intermarriages.
515 3171 568 3220 Cic.
576 3188 628 3234 pro.
641 3169 726 3220 Plano.
740 3176 774 3220 ll.

136 3246 234 3295 ‘Their
249 3245 345 3304 capitol,
364 3245 453 3296 Brutus
471 3245 572 3301 antium,
591 3243 732 3293 afterwards
752 3243 883 3292 Caesarum
933 3259 954 3298 s,
971 3257 1023 3291 was

109 3321 166 3355 near
176 3305 218 3354 the
226 3305 327 3354 modern
337 3317 403 3354 town
408 3305 436 3354 of
465 3303 572 3360 saurais,
582 3301 662 3351 which
669 3301 764 3352 derives
775 3303 806 3352 its
817 3317 887 3352 name
906 3318 957 3354 rom
966 3299 1011 3350 Bel

111 3364 195 3414 loram.
