2272 3786
473 335 566 379 rrsru
584 337 626 382 rr.
954 321 1013 382 149

79 441 114 498 sb
136 458 171 498 eo
194 459 252 498 non
275 443 382 514 longius
403 442 479 498 bidui
498 445 543 498 rin
564 445 682 515 oberant,
705 461 791 515 quum
813 445 882 500 duos
903 443 1013 500 venisse

80 511 204 580 legiones
225 513 312 566 missu
333 511 455 568 cesseris
475 529 506 566 oo
543 522 646 567 osount.
682 513 778 568 Positis
797 514 893 568 eastris
909 530 927 566 s
944 513 1012 568 mili·

79 579 132 635 bus
150 598 289 652 passuum
306 597 359 650 xm,
377 580 477 634 surrilis
519 597 688 636 enuenorum
708 592 865 652 exepeotere
885 583 1012 636 eonstitu-

78 657 136 703 unt,
174 650 323 719 Labienus,
341 649 457 703 hostium
476 650 581 720 oognito
597 649 714 721 oonsilio,
733 665 844 722 speruus
861 652 1013 705 temeritate

80 733 176 772 eorum
197 719 258 772 fore
277 717 396 787 aliquem
416 718 562 772 dimicandi
581 716 746 788 nouitatem,
768 717 901 790 praesidio
921 719 1012 774 eohor-

79 785 148 840 tium
161 787 288 857 quinque
300 786 501 857 impedimentis
512 786 611 857 relioto,
623 804 687 840 oum
699 803 761 842 xxv.
774 788 927 842 cohortibus
938 804 1012 857 mug-

79 869 170 924 uoque
192 856 318 925 equitatu
337 863 429 908 oontru
448 853 554 910 hostem
576 855 757 926 proficiscitur,
779 865 807 909 et
823 855 864 912 M.
883 872 1013 926 passuum

79 922 240 977 intermisso
263 922 354 993 spano,
378 930 467 976 oestro
488 923 646 976 eommunit.
682 923 747 977 Erat
770 923 838 978 inter
862 919 1013 978 Labienum

78 999 163 1062 utque
188 991 299 1046 hostem
319 991 425 1046 difficili
445 992 556 1046 transitu
576 991 688 1050 flumem
707 993 826 1064 ripisque
845 993 1010 1064 praeruptis:
1029 991 1032 1004 '

78 1058 131 1114 hoo
143 1077 241 1132 nsque
253 1062 310 1131 ipse
322 1060 434 1114 transire
446 1059 472 1114 iu
484 1060 575 1114 auimo
587 1060 713 1131 habebut,
725 1078 815 1131 neque
833 1060 925 1118 hostes
943 1070 1012 1116 treu-

79 1128 181 1183 situros
211 1129 393 1184 existimabat.
428 1129 586 1199 Augebatur
609 1129 768 1184 auxiliorum
793 1130 913 1200 quotidie
939 1147 1011 1202 spes.

79 1195 216 1268 Loquitur
235 1198 261 1252 in
281 1198 389 1252 oonsilio
406 1197 504 1268 palum,
517 1197 645 1268 quoniam
656 1198 783 1252 Germani
797 1199 1012 1280 appropinquare

79 1264 216 1337 dicentur,
231 1283 292 1320 sese
304 1283 367 1320 sues
378 1265 565 1345 exereitusque
576 1266 696 1322 fortunas
713 1267 741 1320 iu
758 1267 881 1322 dubium’
897 1284 950 1322 nou
964 1266 1011 1322 de·

78 1343 245 1389 roostmum
264 1343 291 1388 et
343 1344 414 1389 stero
428 1333 474 1388 die
486 1335 645 1406 prrmsluoe
657 1344 744 1390 eastre
754 1345 899 1390 moturum.
935 1335 1012 1390 Cele-

80 1401 144 1456 riter
161 1402 237 1458 hsee
253 1403 288 1456 ad
307 1351 399 1457 {getes
412 1401 576 1472 deseruntur,
590 1411 621 1457 ut
631 1420 666 1458 ex
677 1421 776 1473 meguo
788 1405 926 1458 Gallorum
937 1404 1011 1474 equi·

80 1477 156 1526 tetus
175 1487 291 1526 numero
314 1471 453 1526 nonnullos
471 1471 582 1526 Gelliois
601 1471 682 1526 rebus
701 1472 792 1527 iuvere
812 1473 915 1526 nature¹
933 1488 1011 1542 eoge-

79 1537 136 1592 bst.
175 1539 315 1594 Labienus
334 1547 421 1610 noem,
440 1539 553 1594 tribunis
572 1540 688 1595 militum
708 1541 854 1611 primisque
873 1539 1011 1595 ordinibus

81 1608 192 1680 ouantis,
225 1608 271 1662 uid
291 1607 333 1662 sui
353 1608 386 1662 sit
404 1607 507 1662 oonsilii
525 1609 653 1688 proponit,
666 1617 694 1663 et
708 1625 761 1680 quo
772 1608 878 1662 ieoilius
889 1608 1011 1663 hostibus

81 1675 190 1732 timoris
206 1625 256 1731 det
274 1677 463 1747 suspioiouern²
482 1693 584 1747 majore
604 1678 762 1748 strepitust
782 1676 907 1745 tumultu,
928 1693 1011 1748 quem

81 1746 177 1868 populi
200 1746 313 1800 Romani
336 1745 387 1799 lert
410 1745 581 1816 eonsuetudo‚
605 1755 692 1800 eastre
715 1747 815 1802 moveri
840 1745 926 1816 jubet.
961 1744 1012 1800 His

82 1828 111 1866 re
130 1831 166 1872 us
184 1814 266 1884 sug-se
284 1813 402 1868 similem
419 1813 612 1884 profectionem
629 1814 722 1868 efficit.
757 1815 832 1868 lleeo
844 1829 951 1884 quoque
962 1829 1012 1884 per

82 1882 268 2006 lqqqpporqqorfes
278 1890 341 2003 uqte
354 1881 451 1953 luoeur,
463 1882 501 1936 in‘
511 1891 586 1937 teuto
597 1883 792 1954 propinquitate
804 1893 961 1955 castrorum,
973 1881 1010 1936 ed

119 1967 178 2007 ses
210 1967 303 2005 eerun
316 1967 356 2004 ur.

118 2024 146 2076 8.
165 2021 221 2074 Vix
240 2035 337 2088 sgmeu
357 2018 534 2074 novissimum
552 2027 629 2074 extre
651 2020 814 2076 munitiones
836 2027 1010 2091 processerat,

83 2088 262 2168 quum-Gelli)
275 2087 403 2142 eohorteti
413 2089 484 2152 inter
496 2103 534 2157 se,
549 2104 585 2142 ne
602 2097 738 2159 speratum
754 2089 884 2161 praedem
901 2106 937 2142 ex
954 2103 1011 2142 mu·

83 2156 167 2212 uibus
189 2156 369 2218 dimrtterent;
392 2155 513 2225 longum·
532 2172 600 2226 esse,
622 2157 767 2226 perterritis
789 2158 925 2227 Romanis,
945 2157 1009 2210 Ger·

84 2241 228 2280 manorum
245 2224 375 2279 auxilium
393 2231 551 2304 exspeotere
559 2241 568 2293 3
586 2241 675 2294 ueque
687 2242 766 2282 susm
778 2227 834 2296 pati
844 2226 1011 2295 dignitatern,

84 2300 113 2347 ut
132 2295 216 2348 tentis
233 2309 264 2348 oo
284 2293 317 2346 iis
334 2300 391 2347 tem
408 2309 535 2362 exiguom
552 2309 671 2364 menum,
684 2294 842 2364 praesertim
862 2295 1013 2363 lugientem

84 2369 169 2432 utque
188 2310 355 2432 impeditum,
376 2361 472 2415 sdoriri
495 2377 547 2416 non
570 2361 704 2416 audeaut·
727 2362 829 2415 flumen
853 2361 963 2416 transire
982 2369 1012 2414 et

84 2427 178 2502 iniquo
198 2429 256 2484 loeo
275 2429 408 2508 proelium
426 2429 597 2484 eommittere
617 2446 670 2484 nou
689 2401 821 2483 dubitent.
857 2429 934 2488 Quae
954 2427 1012 2482 iore

114 2600 191 2650 ²'I'he
201 2600 265 2649 river
275 2598 357 2648 which
368 2599 462 2649 Csesru
472 2599 530 2648 here
541 2599 665 2649 mentions
675 2608 741 2648 must
752 2598 815 2647 heve
827 2598 890 2645 been
900 2595 942 2645 the
953 2595 1010 2646 Mo·

84 2657 321 2780 ssssfflffiffioeffi:
331 2658 394 2706 river
404 2656 486 2707 which
498 2657 591 2708 cisso
600 2658 660 2708 does
676 2666 719 2707 not
735 2654 866 2718 suywhere
881 2654 1010 2717 designate

113 2789 165 2838 'Iu
174 2790 271 2838 dolium
280 2791 397 2845 deuouere,
413 2793 454 2836 ‘to
464 2785 556 2846 stelin*
567 2803 595 2838 or
607 2793 649 2838 ‘to
659 2786 728 2838 riske

114 2861 232 2911 'Nature
242 2860 300 2916 here
311 2860 341 2917 is,
356 2861 413 2910 ‘the
429 2859 484 2908 love
495 2857 524 2908 oi
535 2870 609 2909 eouut
649 2859 732 2909 which
743 2845 764 2907 is
775 2855 910 2918 impleuted
925 2855 950 2925 ip
965 2870 1011 2908 our

85 2920 191 2976 mture,'
204 2917 250 2968 ond
262 2918 343 2967 which
353 2927 422 2967 some
433 2917 462 2965 oi
473 2917 515 2966 the
528 2915 609 2968 Gellio
641 2932 755 2968 orsernen
764 2917 821 2966 who
832 2914 920 2964 served
931 2928 957 2964 ru
966 2913 1010 2965 the

87 2977 185 3028 Romen
196 2991 265 3038 ermy
276 2977 348 3029 oould
358 2985 401 3025 uot
411 2975 492 3024 resist.
659 2989 661 2998 ‘

114 3051 190 3100 ‘The
201 3049 350 3111 proposition
366 3048 424 3097 here
440 3046 551 3096 eorrteins
568 3047 611 3097 the
627 3047 721 3098 ideeol
733 3061 821 3095 eurise:
842 3041 1011 3106 ‘cousideriuss
1054 3100 1059 3109 ι

86 3109 158 3168 thet,'
171 3123 199 3158 or
212 3110 332 3157 ‘because
342 3106 384 3156 the
395 3120 479 3165 cumps
491 3119 555 3156 were
567 3121 595 3155 so
606 3121 664 3156 neor
674 3104 734 3155 euch
745 3103 831 3152 other.¹
867 3146 870 3154 ⁴

115 3184 141 3252 ⁵·
222 3199 245 3229 nr
256 3195 326 3238 erre,-
343 3179 392 3228 this
403 3177 508 3247 positire
523 3177 568 3228 hes
582 3178 626 3247 the
641 3178 756 3248 meaning
766 3175 795 3225 os
806 3172 1009 3246 seompemtirer

88 3255 115 3291 es
134 3181 242 3289 mn
260 3239 303 3288 the
322 3253 387 3294 cese,
408 3236 617 3308 sspeorelly'wrth
637 3237 667 3285 ed
678 3245 769 3286 eetrres
790 3235 888 3303 denotm
921 3247 1010 3288 sttoor

89 3313 169 3408 ulpium,
183 3299 244 3347 such
254 3313 282 3346 us
293 3297 390 3359 hugus,
402 3297 502 3351 mehor,
516 3308 629 3359 argum,
682 3293 765 3353 endor,
781 3298 814 3344 ‘rt
825 3247 906 3344 wenti
922 3292 953 3346 be
967 3299 1011 3346 tto

113 3372 154 3419 ¹¹⁸⁰
179 3413 228 3464 re·
411 3377 413 3380 ⁵
