2268 3786
441 323 532 366 uana
551 323 593 368 ιν.
917 304 973 367 tot

40 451 139 506 neque
158 432 220 488 nlla
244 431 339 486 nostrie
350 431 469 512 ,saarim
481 442 532 512 ,aut
548 431 751 554 asdnripiatraudi
766 441 811 488 aut
828 431 973 488 auxiliandi

39 501 783 694 tritri·,titillarenturturn
795 515 973 652 uum}

40 645 113 698 durn
138 641 262 711 inutiles,
282 659 387 711 magna,
408 660 416 694 r
454 640 525 712 qnod
544 657 655 694 neeesse
675 650 730 694 erat
748 640 880 711 aoordere,
893 649 973 696 totrua

41 713 192 768 exereitus
215 711 376 781 perturbatio
399 711 470 764 saeta
492 719 542 764 eat.
578 711 674 780 Neque
697 710 771 764 enirn
793 727 876 764 naves
899 721 973 766 erant

40 783 140 860 arliae„
154 780 257 850 quibua
276 781 398 850 reportari
418 789 533 860 posaeut,
553 789 581 834 et
599 779 688 834 omnia
710 779 828 850 deerant,
848 796 918 850 quae
937 781 972 834 ad

42 851 218 906 reficiendas
241 867 323 902 nerea
351 861 425 904 erant
448 865 515 919 usur,
540 858 568 903 et
590 849 661 919 quod
689 849 813 904 omuibus
834 849 973 906 oonatabat
1055 891 1058 910 .

42 921 171 976 hiemari
183 920 209 972 in
223 919 309 972 Gallia
320 929 446 990 oportere,
459 919 624 974 frumentum
635 917 678 972 hia
689 919 716 972 in
727 919 792 974 looia
806 921 836 994 ¹in
854 919 974 976 hiemem

42 991 196 1062 provisum
207 1004 259 1042 non
271 998 336 1042 erat.

80 1063 131 1114 30'.
150 1057 257 1118 Quibus
279 1058 359 1112 rebua
382 1059 493 1128 cognitio
515 1055 649 1128 principer
667 1055 826 1127 Britanniae,
847 1060 893 1129 qni
915 1069 974 1132 poet

42 1129 190 1201 proelium
206 1125 241 1182 ad
259 1129 402 1182 Caesarem
423 1136 610 1197 eonvenerant,
628 1127 696 1180 inter
713 1145 743 1182 ae
760 1128 891 1198 oolloouti,
910 1147 974 1184 oum

43 1200 162 1270 equites
180 1205 208 1250 et
225 1214 308 1251 nares
326 1205 354 1250 et
370 1197 537 1252 frumentum
553 1195 784 1252 Romanisdeeaae
795 1198 973 1269 intelligerent

42 1279 74 1324 et
88 1267 261 1340 paueitatem
278 1266 395 1321 rnilitum
406 1284 441 1321 ex
451 1277 630 1322 eastrorume
651 1267 656 1277 '
696 1267 760 1320 itate
777 1277 973 1340 oognoeoerent,

63 1356 125 1394 uae
149 1336 211 1390 hoe¹
230 1347 304 1390 erant
327 1336 409 1390 etiam
432 1337 589 1406 angustiora,
606 1352 641 1416 qu
700 1337 758 1390 aine
776 1336 974 1406 impedimentis

86 1424 155 1462 eaar
180 1405 300 1475 legiones
325 1414 552 1477 transportaverat,
571 1414 703 1476 optimum
725 1406 797 1460 iaetu
823 1422 884 1460 eree
907 1407 973 1464 dux·

43 1485 133 1532 erunt
154 1475 300 1530 rebellione
320 1474 391 1528 faeta
410 1475 543 1530 frumento
566 1483 772 1545 oommeatnque
794 1483 896 1529 nostroe
916 1493 973 1546 pro·

28 1547 148 1601 -hibere
161 1553 189 1598 et
202 1561 259 1600 rem
278 1545 307 1598 in
324 1543 444 1600 hiemem
461 1545 606 1616 produoere
627 1543 698 1613 quod
717 1545 760 1598 liis
778 1561 810 1598 au
846 1545 909 1598 ratis
927 1555 973 1600 aut

45 1615 142 1670 reditu
167 1614 319 1668 intereluaia
342 1615 479 1668 neminem
532 1627 591 1668 atea
607 1583 673 1668 helli
694 1613 798 1668 inleren
818 1613 826 1666 i
845 1630 927 1668 oaura
946 1616 973 1670 in

43 1685 221 1740 Britanniam
251 1683 421 1738 transiturum
448 1701 481 1738 oo
518 1684 625 1740 debant.
672 1684 767 1753 ltaque
795 1699 885 1738 rursus
912 1700 973 1739 oon·

43 1753 187 1824 iuratione
198 1752 270 1807 laeta
281 1752 411 1823 paulatim
422 1769 458 1806 ex
468 1754 562 1808 eastris
579 1752 717 1808 discedere
727 1769 761 1808 ao
772 1769 835 1808 auor
850 1752 921 1810 olam
939 1769 974 1810 ex

43 1825 125 1894 agria
137 1821 281 1876 daduoere'
295 1831 448 1891 coeperunt.
773 1819 775 1826 ’

85 1897 132 1946 31.
151 1894 188 1946 At
211 1893 316 1961 Caeam,
340 1892 392 1945 etei
414 1891 534 1946 nondum
556 1907 649 1946 eornm
671 1889 783 1946 oonsilio
889 1903 971 1964 verat,

47 1973 147 2016 tamen
159 1975 186 2014 et
198 1977 233 2015 ex
249 1973 348 2014 eventu
366 1961 604 2015 navium¹auarum
625 1969 705 2014 etex
723 1978 763 2032 eo,
776 1979 813 2033 qu
865 1963 973 2020 obsides

46 2033 118 2085 dare
130 2031 336 2100 intermiserant,
349 2030 407 2095 sore
416 2029 452 2099 id,
464 2029 535 2100 qnod
547 2030 651 2098 aoeidit,
664 2031 855 2100 ruspioabatur.
878 2033 972 2105 ltaque
990 2041 1000 2064 ·

47 2101 84 2154 ed
105 2117 202 2156 omnea
219 2117 299 2154 oaaue
315 2099 441 2166 subsidia,
457 2099 646 2170 oornparabat.⁴
681 2100 750 2156 Nam
770 2109 797 2156 et
808 2100 973 2160 frumentum

48 2187 88 2225 ex
111 2171 185 2239 agria
207 2169 326 2239 qnotidie
347 2170 373 2224 in
393 2177 480 2222 castra
502 2168 656 2223 eonferebat
676 2177 791 2239 atquae
813 2173 972 2239 gravissime

46 2239 170 2294 effliotae
196 2248 271 2292 erant
289 2255 380 2310 nares,
394 2255 488 2294 earum
505 2239 619 2294 materia
636 2248 717 2308 atque
735 2256 798 2294 aere
810 2241 844 2294 ad
857 2241 973 2312 reliquae

45 2309 216 2364 reficiendae
233 2307 358 2362 utebatur
369 2318 397 2363 et
408 2324 479 2378 quae
498 2308 533 2362 ed
554 2325 601 2362 aaa
620 2325 663 2362 rea
682 2317 756 2363 erant
775 2310 844 2378 naui,
857 2327 892 2364 ex
911 2327 972 2366 oon·

46 2379 150 2432 tinenti
173 2393 234 2432 eom
270 2378 331 2432 rtari
354 2377 473 2447 jubebat.
517 2378 611 2448 ltaque
633 2393 696 2432 oum
720 2393 824 2432 summo
848 2379 936 2434 studio
955 2396 973 2432 a

45 2447 185 2502 militibus
244 2449 441 2517 ministraretur,
466 2463 515 2501 xrr.
539 2446 654 2501 narihua
675 2447 789 2515 amireis,
814 2447 920 2518 reliquia
944 2456 972 2502 ut

46 2517 177 2586 navigari
189 2516 330 2570 eommode
348 2526 445 2587 posset,
458 2517 558 2570 effeoit.

84 2590 130 2638 ³2.
151 2587 224 2639 Dum
241 2603 274 2638 ea
290 2596 424 2658 geruntur,
443 2585 548 2655 legione
574 2601 610 2638 ex
631 2583 824 2638 eonsuetudine
847 2601 902 2638 una
919 2585 971 2639 t'rn·

44 2665 207 2710 mentatum
223 2655 313 2725 missa,
332 2673 401 2725 quae
418 2655 602 2728 appellabatur
620 2654 741 2726 septima,
760 2670 847 2724 neque
864 2653 920 2708 ulla
936 2655 971 2708 ad

76 2846 86 2874 ¹
96 2842 166 2899 Hoc,-
179 2841 228 2910 thia
238 2841 343 2892 ablativa
354 2843 375 2893 ia
385 2842 427 2894 the
437 2859 506 2894 rame
516 2859 544 2893 aa
550 2853 647 2906 propter
655 2847 703 2902 loo.
714 2859 741 2893 or
747 2847 807 2894 lanc
815 2847 844 2894 ol
852 2862 911 2904 rem,-
924 2845 971 2895 and

43 2901 91 2950 the
102 2901 234 2962 following
245 2903 345 2951 alamir
356 2903 398 2950 the
409 2919 476 2954 mmo
487 2918 514 2952 aa
528 2903 609 2952 ‘stili’

75 2989 86 3018 ¹
97 2987 127 3038 N
129 2988 218 3058 amely,
232 3003 301 3049 away
312 2987 373 3058 from
384 2989 447 3038 their
456 2989 551 3048 hornae,
563 2989 610 3039 and
621 2998 647 3039 to
657 3005 672 3039 a
681 2989 750 3052 plaoe
760 2990 840 3041 which
851 2987 928 3054 might
939 2991 970 3040 be

42 3045 73 3096 fit
85 3046 127 3096 sor
138 3047 243 3108 forming
253 3047 321 3096 thern
332 3059 383 3096 rnto
393 3065 424 3097 an
434 3064 510 3111 army.

73 3135 208 3184 ‘Eventus
223 3137 332 3193 naviam
349 3136 402 3185 that
419 3137 449 3196 ia,
461 3138 492 3200 iri,
499 3139 561 3200 qaorl
576 3148 683 3188 evertunt
693 3141 803 3197 moriar,
818 3139 893 3188 ‘from
903 3137 969 3190 what

42 3194 95 3244 hed
107 3194 237 3255 happened
247 3205 274 3243 to
284 3195 323 3243 hia
334 3194 419 3255 stipsi

75 3279 214 3329 ‘subsidio
225 3279 283 3328 hare
299 3295 340 3328 are
350 3291 392 3329 not
404 3281 533 3341 subridiea,
542 3284 587 3332 hut
596 3299 641 3334 ere
680 3285 813 3334 mirtanea
828 3283 881 3334 thet
897 3285 969 3338 could

42 3340 76 3389 be
88 3338 196 3390 devieed
205 3339 301 3402 agaim
311 3355 359 3401 any
369 3339 464 3390 redden
471 3342 592 3392 outbreak
601 3341 630 3393 os
641 3352 651 3392 t
668 3341 799 3394 eBritonr.

140 3430 170 3475 10
