2268 3786
147 301 192 366 98
450 317 490 358 na
512 313 766 358 ammoniaco.

187 432 226 484 1³:
245 427 301 484 Hoc
314 428 387 487 iacto
423 426 504 482 roelio
521 427 619 482 Caesar
635 443 723 500 noque
739 427 796 500 jam
807 427 858 483 sibi
878 428 980 496 legatos
990 423 1071 480 audi·
1121 467 1122 478 r

148 498 232 554 endos
249 515 335 568 neque
353 444 517 552 consitiones
534 497 706 568 accipiendas
722 497 898 552 arbitrabatur
909 495 944 551 ab
958 495 1008 564 bis,
1020 496 1071 566 qui

148 585 195 640 per
206 567 299 622 dolum
310 577 390 637 atque
408 566 519 620 insidias
530 567 613 636 petita
624 585 690 638 paca
702 567 770 621 ultro
781 566 884 621 bellum
897 565 1068 620 intulissent:

149 647 304 708 exspectare
322 653 391 706 vero,
410 636 474 690 dom
496 636 611 691 hostiurn
631 636 725 706 copiae
741 645 902 704 augerentur
918 635 1070 704 equitatus·

166 723 200 760 ue
214 715 393 775 reverteretur,
403 722 524 760 summae
533 705 686 761 dementiae
695 723 755 760 esse
765 705 910 776 judicabat,
919 714 947 758 et
958 702 1071 774 cognita

148 723 283 832 gottorum
308 775 467 845 infirmitate,
491 784 620 844 quantum
648 774 704 846 jam
725 775 795 847 apud
826 792 873 828 eos
896 775 987 829 hostes
1013 789 1070 826 nno

148 847 246 916 proelio
265 844 430 900 auctoritatis
452 855 543 898 essent
566 845 702 900 consecuti
731 844 881 914 sentiebat,
923 842 1012 898 uibus¹
1029 841 1070 896 ad

149 915 258 971 consilia
282 915 413 985 capienda
439 913 504 968 nihii
535 913 613 996 spatii
641 884 760 969 dandum
789 913 913 968 existima
950 921 969 966 t.
1016 912 1071 966 His

148 984 299 1038 constitutio
318 983 397 1038 rebus
416 993 443 1038 et
462 982 573 1037 eonsiiro
592 1001 655 1038 curn
673 984 769 1053 legatis
788 993 815 1037 et
834 992 974 1054 quaestore
993 999 1070 1036 com·

149 1055 292 1124 municato,
311 1054 355 1106 ηε·
373 1069 456 1134 quem
474 1051 548 1107 diem
569 1071 586 1123 p
640 1070 673 1108 ae
693 1053 882 1124 praemitteret,
902 1051 1070 1123 opportunis-

150 1123 219 1178 sima
239 1139 281 1176 res
299 1123 406 1192 accidit,
426 1121 497 1193 quod
519 1122 601 1192 poetri
621 1125 644 1176 ie
665 1124 724 1194 ejus
742 1121 796 1176 diei
817 1139 897 1176 mene
921 1121 1019 1176 eadem
1038 1129 1070 1174 et

149 1192 261 1262 perfidia
289 1202 317 1245 et
346 1191 515 1246 simulatione
543 1193 584 1246 usi
608 1191 736 1246 Germani
760 1191 915 1246 frenantes
940 1190 1070 1244 omnibus

149 1260 312 1331 principibus
334 1260 529 1332 majoribusque
551 1270 615 1315 natu
638 1259 765 1315 adhibitis
786 1208 821 1315 a}
841 1277 905 1316 eum
929 1261 957 1314 in
979 1269 1071 1314 castra

150 1340 287 1400 venerunt,
315 1331 402 1401 simui,
427 1339 455 1384 ut
484 1329 628 1401 dicebatur,
655 1331 696 1384 sni
724 1329 854 1412 purgandi
882 1347 972 1400 mute,
996 1329 1070 1401 quod

150 1409 240 1456 eontra
257 1409 338 1470 atque
355 1409 427 1454 esset
445 1399 547 1454 dictum
566 1409 594 1454 et
614 1401 662 1471 ipsi
683 1407 819 1470 petissent,
834 1400 963 1470 proelium
977 1399 1070 1522 ,pridie

150 1469 354 1540 commisissent,
367 1469 457 1525 sirrrui⁸
468 1478 505 1536 ut,
519 1469 541 1521 si
555 1469 619 1539 quid
636 1479 752 1540 possent,
765 1469 800 1523 de
818 1468 931 1522 induciis
949 1469 976 1522 ia
998 1467 1070 1522 endo

150 1539 329 1610 impetrarent.
372 1539 445 1598 Quos
473 1537 524 1592 sibi
547 1539 645 1592 Caesar
667 1538 769 1594 oblatos
791 1541 900 1608 gavisus
922 1537 983 1592 illos
1006 1539 1070 1592 reti·

149 1609 206 1662 neri
223 1607 325 1680 iussin*
345 1609 403 1679 ipse
421 1625 515 1662 ornnes
527 1607 624 1678 copias
641 1608 735 1662 castris
746 1608 838 1662 eduxit
855 1608 1069 1678 equitatumque,

150 1677 219 1801 qugd
244 1679 343 1732 recenti
366 1678 463 1748 proelio
487 1677 653 1748 perterritum
675 1695 737 1732 esse
755 1677 944 1748 existimabat,
968 1693 1070 1748 agmen

150 1764 180 1802 sn
250 1747 297 1800 ui'
331 1748 372 1800 sit.

188 1764 428 1888 ,quoffffipfici
449 1816 568 1869 institute
588 1823 615 1868 et
634 1814 756 1870 celeriter
772 1824 831 1870 octo
849 1815 953 1870 milium
973 1815 1070 1869 itinere

150 1885 271 1940 coniecto
289 1886 360 1955 prius
376 1885 411 1938 ad
429 1885 546 1938 hostiurn
564 1893 651 1938 cestra
664 1885 792 1957 pervenit,
805 1901 886 1956 quam
899 1883 962 1954 quid
975 1901 1069 1954 agere·

150 1962 200 2020 tur,
212 1954 340 2008 Germani
353 1954 450 2008 sentire
496 1963 577 2007 ssent.
613 1953 663 2014 Qui
681 1953 806 2024 omnibus
817 1953 896 2008 rebus
907 1952 997 2008 s'ubito
1009 1971 1070 2024 per·

151 2023 239 2090 territi,
253 2032 280 2077 et
290 2023 428 2077 celeritate
475 2031 571 2076 ventus
583 2023 663 2078 nostri
674 2033 701 2078 et
712 2025 832 2078 discessu
844 2024 971 2093 sucorum·
979 2039 1070 2094 neque

149 2092 251 2146 consilii
269 2091 383 2146 habendi
402 2108 489 2162 nequo
506 2109 581 2146 arma
599 2093 723 2163 capiendi
741 2094 826 2164 spatio
837 2095 899 2148 dato
945 2093 1069 2161 rturban·

149 2162 209 2232 tur,⁸
216 2162 340 2232 copiasne
351 2161 479 2215 adversita
490 2159 595 2216 hostem
605 2161 712 2234 ducere,
724 2180 760 2217 an
771 2177 857 2217 caetra
868 2162 903 2215 de
916 2161 1023 2234 endere,
1032 2179 1069 2217 an

178 2313 186 2342 ¹
198 2311 313 2374 Nameiy,
326 2314 437 2363 ternae.

178 2383 302 2455 'Nahars
312 2386 387 2435 refers
396 2397 421 2434 to
430 2385 471 2434 the
481 2384 612 2447 preceding
620 2384 713 2455 clauae,
724 2384 771 2435 and
781 2385 898 2455 indicates
909 2384 951 2434 the
962 2399 1069 2494 qqqross

148 2441 185 2492 t'or
195 2443 275 2493 which
287 2444 380 2494 Caesar
396 2445 466 2494 made
483 2444 744 2494 the'comrnunrcatron
758 2454 784 2494 to
800 2445 838 2494 bra
855 2445 948 2506 legates
1028 2445 1068 2494 hrs

148 2513 269 2611 qeusenor.
302 2504 357 2554 The
373 2505 440 2554 word
454 2503 587 2574 pugnacis
605 2513 647 2553 not
665 2504 706 2552 the
723 2503 838 2586 genitive,
854 2505 899 2553 but
915 2503 957 2553 the
973 2504 1066 2561 dative,

179 2562 285 2622 pendent
293 2579 325 2612 on
333 2566 414 2622 diem
432 2563 485 2612 thet
496 2579 526 2621 rs,
541 2569 548 2590 ⁴
558 2579 572 2612 a
582 2561 629 2625 day
640 2561 667 2612 fit
678 2563 721 2612 ior.

147 2633 365 2742 αόιξῗυῑ-είηυὶ,
378 2635 473 2686 instead
483 2635 511 2685 oi
522 2635 564 2685 tho
580 2651 648 2686 more
662 2651 775 2685 common
790 2635 887 2697 phrase,
899 2637 1066 2699 etan-osque,

176 2765 251 2815 ‘The
267 2767 383 2817 violation
398 2767 427 2817 oi
442 2768 485 2816 the
501 2767 549 2818 iew
565 2767 594 2817 oi
610 2768 706 2818 natione
723 2767 804 2817 which
820 2767 912 2818 Caesar
929 2767 989 2818 here
1008 2783 1069 2830 very

148 2825 228 2886 oootly
238 2825 327 2875 relates
338 2827 366 2875 os
373 2827 479 2883 himself,
492 2837 579 2877 cannot
590 2829 620 2876 he
628 2826 738 2888 justified
749 2841 777 2876 or
786 2827 893 2877 excused
904 2828 937 2888 by
947 2828 1069 2890 anything

149 2883 202 2934 thet
214 2900 251 2933 we
262 2884 329 2934 learn
345 2885 406 2934 irom
422 2886 461 2934 his
475 2901 532 2938 own
546 2897 663 2945 account;
681 2886 728 2936 and
743 2886 761 2934 it
774 2886 834 2936 does
850 2886 944 2936 honour
954 2896 981 2936 to
992 2886 1066 2944 Cato,

148 2941 202 2992 that
213 2942 285 2992 when
300 2943 341 2992 the
357 2943 425 2993 affair
440 2947 539 2994 becam
556 2945 646 2995 known
661 2955 686 2994 at
702 2945 790 3002 Rome,
804 2945 835 2994 be
846 2945 967 3007 proposed
982 2955 1009 2995 to
1025 2945 1069 2995 the

148 3013 233 3052 senate
249 3012 275 3051 to
288 3002 379 3051 deliver
389 3019 405 3052 u
433 3003 526 3053 Caesar
541 3013 567 3054 to
581 3004 623 3054 the
640 3004 770 3063 Germana,
782 3021 810 3054 aa
826 3021 858 3055 an
873 3014 1015 3054 etonemsnt
1031 3004 1069 3055 ior

148 3061 190 3110 the
201 3062 274 3111 crime
285 3060 313 3110 ot'
319 3061 400 3110 which
406 3018 446 3112 be'
451 3079 502 3111 was
512 3063 598 3124 guilty.

175 3133 252 3183 ''I'he
262 3135 380 3183 doceam
396 3152 492 3184 sacrm
502 3135 577 3204 refers
588 3145 613 3184 to
623 3134 665 3184 tbe
675 3135 752 3185 chiesa
759 3135 816 3206 ,and
831 3135 920 3194 cidara,
933 3135 990 3206 who
1000 3111 1068 3186 urere

149 3191 312 3300 &qma
332 3192 617 3303 „giffi’ffifflffi
625 3194 709 3244 whose
724 3195 844 3258 gardenco
859 3196 907 3246 aad
922 3196 1008 3246 sdrree
1024 3195 1067 3246 the

147 3321 338 3430 '322th
352 3325 410 3375 hm
426 3325 544 3388 ’ΜΨ
559 3326 842 3380 ¹t⁰b⁶⁸⁰⁰⁰¹²f0fflfld
857 3344 884 3379 u
900 3328 1067 3382 nottcknow
1105 3358 1107 3368 ‚
