2272 3788
147 289 209 353 Μ
449 311 489 356 ua
509 311 606 354 sante
625 309 760 352 omniuo.

148 419 202 491 bat,
214 423 307 490 quurn¹
317 419 394 491 primi
411 420 516 476 ordines
533 419 648 474 bostium
666 419 783 479 transfixi
800 419 860 490 pilis
871 419 1062 492 concidissent,

148 497 238 544 tamen
258 491 386 544 euerrirne
405 490 507 560 reliqui
519 489 683 560 resistebant,
705 507 755 543 nec
778 490 859 544 dabat
878 492 1063 562 suspicionem

148 556 389 630 fugaeqoieqoam.
417 563 479 630 Ipse
490 559 546 614 dux
557 559 672 614 boetium
684 558 879 629 Camulogenus
888 563 952 614 suis
962 561 1064 614 aderat¹
1126 573 1127 576 ’

146 637 228 752 {llll
247 629 1064 770 titttnttntttttitstttirretiunt

150 766 156 778 .
212 737 237 778 ,ἲ
972 739 980 770 r

148 783 176 822 tn
195 771 299 822 sinistro
315 785 395 822 cornu
414 777 573 838 gererentur,
589 777 648 838 post
667 778 770 838 tergum
790 769 907 824 hostium
927 769 1064 838 legionem

147 838 317 892 ostenderunt
340 837 467 907 signaque
491 837 643 892 intulerunt.
677 839 720 892 Ne
743 853 775 890 eo
798 839 906 908 quidem
932 839 1065 908 tempore¹

146 908 289 977 quisquam
311 907 369 960 loco
391 907 480 978 cessit,
501 907 549 961 sed
569 909 853 964 circumventionum
873 908 1064 978 interfectique

147 985 216 1030 sunt.
261 977 393 1029 llamdem
415 977 547 1032 fortunam
569 977 627 1030 tulit
649 977 851 1046 Camulogenus.
895 979 934 1030 At
957 978 985 1047 ii,
1014 976 1063 1047 qui

146 1045 277 1116 praesidio
295 1054 383 1098 contra
400 1055 486 1100 castra
504 1045 613 1101 Labieni
631 1055 705 1100 erant
722 1047 813 1115 relicti,
826 1063 911 1115 quum
930 1046 1063 1116 proelium

146 1115 318 1168 commissum
335 1116 479 1186 audissent,
498 1116 614 1170 subsidio
631 1117 687 1170 suis
706 1116 790 1170 ierunt
809 1115 963 1184 collemque
983 1132 1063 1186 cepe-

146 1193 213 1253 runt,
227 1187 322 1254 neque⁴
340 1193 486 1238 nostrorum
503 1185 618 1240 militum
633 1186 761 1240 victorum
779 1186 911 1254 impetum
929 1186 1062 1238 sustinere

145 1261 293 1322 potnerunt.
340 1254 383 1308 Sic
406 1272 469 1307 cnm
492 1256 547 1308 suis
576 1255 738 1324 fugientibus
760 1255 891 1324 permixti,
916 1271 987 1324 quoa
1009 1271 1062 1308 non

145 1321 228 1375 silvae
246 1332 401 1394 montesque
419 1333 546 1393 texerunt,
564 1323 600 1377 ab
617 1326 735 1394 equitatu
748 1333 808 1376 sunt
825 1323 966 1377 interfecti.
1004 1324 1062 1378 Hoc

145 1392 249 1460 negotio
267 1393 394 1461 confecto,
415 1392 548 1446 Labienus
566 1394 703 1448 revertitur
720 1393 896 1462 Agendicum,
909 1393 958 1447 ubi
976 1393 1061 1463 impe

143 1459 265 1515 diruente
285 1463 365 1516 totins
384 1463 514 1516 exercitus
537 1462 628 1516 relicte
647 1472 735 1516 eraut:
761 1463 823 1516 inde
847 1479 911 1516 cum
934 1464 1061 1517 omnibus

144 1531 229 1601 copiis
239 1531 273 1584 ed
286 1533 428 1584 Caesarem
440 1533 567 1601 pervenit.
1015 1577 1018 1584 .

180 1605 220 1654 63.
240 1601 395 1654 Defectione
414 1601 567 1656 Aeduorum
589 1601 700 1670 cognita,
719 1600 819 1654 bellum
839 1603 973 1669 augetur!
1009 1601 1060 1655 Le·
1126 1601 1127 1614 ²

144 1671 263 1740 getiones
280 1671 308 1723 iu
325 1688 419 1724 omnes
435 1679 522 1740 partes
539 1671 792 1724 cimummittuntur:
814 1680 945 1740 quantum
963 1672 1058 1742 gmtis,

144 1741 306 1808 auctoritate,
327 1740 439 1810 pecunia
459 1739 555 1809 valent,
575 1739 619 1792 ed'
636 1739 812 1795 sollicitandus
829 1739 953 1792 civitates
971 1741 1060 1794 nitun-

144 1815 194 1862 tur.
230 1810 309 1863 Nacti
321 1810 435 1880 obsides,
448 1826 514 1878 quoe
526 1809 622 1862 Caesar
632 1809 703 1879 apud
721 1825 767 1862 ece
782 1809 949 1877 deposuerat,
962 1808 1060 1864 borum

144 1878 271 1958 supplicio
289 1879 440 1932 dubitantes
457 1879 583 1931 territant.
623 1879 721 1932 Petunt
737 1895 754 1930 e
770 1878 987 1947 Vercingetorige
1004 1881 1058 1932 Ae·

144 1945 198 2016 dur,
210 1947 245 1999 ad
263 1964 293 2000 se
306 1949 393 2000 veniat
412 1947 578 2016 rationesque
594 1947 658 2001 belli
672 1947 782 2016 gerendi
793 1947 982 2000 communicet.
1017 1949 1058 2002 Re

143 2015 470 2096 irnpstrata'contendunt,
492 2025 520 2072 ut
540 2017 604 2086 ipsis
623 2033 729 2072 summa
746 2017 849 2085 imperii
870 2016 1003 2086 tradatur5
1029 2027 1058 2070 et

144 2099 172 2137 re
184 2101 211 2138 m
223 2086 426 2138 controversiam
437 2085 560 2155 deducta,
574 2087 654 2140 totius
664 2085 919 2142 Galliaeeoncilium
932 2085 1057 2140 Bibracte

144 2152 274 2207 indicitur.
310 2154 413 2208 Eodem
425 2155 583 2208 conveniunt
600 2155 718 2224 undique
735 2155 896 2224 frequentes.
933 2153 1055 2210 Multitu-

143 2221 214 2276 dinis
233 2223 364 2292 suffragiis
381 2241 423 2277 ren
439 2224 612 2294 permittitur:
630 2223 665 2276 ad
682 2240 766 2279 unum
779 2240 872 2277 omues
884 2223 1055 2292 Vercingeto-
1123 2251 1125 2256 ·

144 2291 227 2359 rigem
250 2293 359 2414 qrobant
382 2293 577 2363 imperatorem.
612 2293 655 2348 Ab
678 2293 728 2346 boc
750 2293 859 2346 concilio
882 2293 968 2362 Remi,
994 2294 1055 2348 Lin-

142 2377 232 2430 gones,
277 2363 353 2416 reriri
374 2362 511 2417 afuerunt:
538 2363 595 2432 illi,''
615 2362 685 2432 qood
707 2362 852 2416 amicitiam
874 2361 1054 2417 Romanorum

144 2430 338 2501 sequebantur,
355 2433 455 2484 Treviri
482 2432 550 2501 quod
569 2431 678 2485 aberant
695 2431 798 2500 longius
815 2440 842 2484 et
859 2430 894 2484 ab
912 2432 1054 2486 Germanis

144 2501 345 2570 premebantur:
364 2518 433 2570 quoe
453 2471 504 2554 luit
521 2517 610 2571 causa,
623 2517 704 2570 quere
723 2509 776 2554 toto
794 2500 919 2554 abessent
938 2500 1009 2554 bello
1025 2509 1054 2555 et

143 2569 243 2638 neutris
264 2571 362 2624 auxilia
384 2571 526 2626 mitterent.
561 2570 661 2640 Magno
684 2570 772 2623 dolore
794 2569 883 2623 Aedui
906 2569 1006 2642 fenmt,
1021 2587 1053 2625 se

166 2701 182 2732 1¹
190 2698 271 2768 ‚Quum
282 2699 326 2749 has
336 2701 378 2748 the
388 2701 501 2762 meaning
511 2699 539 2749 of
550 2703 664 2763 quamuis,
680 2706 687 2728 ‘
697 2701 831 2763 although,'
845 2691 945 2751 whence
955 2701 998 2752 the
1008 2700 1051 2752 fol-

145 2755 234 2819 lowrng
244 2769 328 2807 tomen.

172 2829 282 2879 'Adesse
291 2833 373 2888 alicui,
388 2837 428 2880 ‘to
440 2832 513 2880 essist
525 2833 550 2880 in
560 2832 639 2881 words
650 2848 677 2882 or
687 2833 712 2882 in
722 2833 798 2883 deed.'

173 2904 183 2933 ⁸
195 2903 303 2967 Tempus,
315 2905 341 2952 in
351 2903 399 2953 this
410 2921 520 2966 passage,
533 2906 562 2964 ie,
578 2906 633 2954 ‘the
644 2906 749 2954 deeisive
760 2923 787 2956 or
798 2905 890 2956 critical
901 2909 1026 2958 mutuent.⁹

172 2975 280 3039 ‘Neque
293 2975 350 3026 here
366 2977 412 3027 and
428 2979 569 3036 elsewhere,
581 2979 625 3028 bes
641 2978 791 3029 adversative
806 2995 896 3040 power,
909 2973 983 3044 being
993 2981 1053 3032 used

145 3035 231 3086 forced
241 3054 297 3094 non,
310 3054 383 3098 neque
392 3047 476 3095 tomen,
487 3053 514 3087 or
524 3047 597 3100 neque
607 3056 667 3086 vero.
699 3038 817 3108 Compare
829 3039 860 3088 iv.
871 3043 908 3088 26.
929 3044 930 3053 ¹

138 3125 148 3146 π
175 3111 184 3138 ¹
193 3109 248 3158 The
259 3124 310 3157 wer
321 3111 342 3158 'ts
352 3111 484 3167 increased,
497 3110 623 3168 inaemueh
634 3127 661 3162 ae
672 3111 714 3160 the
729 3113 806 3160 revolt
817 3110 846 3166 ol¹
857 3105 897 3161 the
909 3113 993 3164 Aedui
1002 3113 1053 3163 also

137 3167 249 3218 ‚indueed
259 3169 328 3216 other
338 3170 413 3218 tribes
424 3180 450 3218 to
460 3179 499 3230 try
510 3179 535 3222 to
546 3167 622 3218 shake
634 3169 672 3218 off
678 3169 719 3218 the
731 3171 793 3230 yoke
804 3171 832 3218 of
839 3171 879 3220 the
891 3171 1009 3222 Romeus.

175 3239 279 3307 ‘Before
295 3243 327 3288 od
342 3257 379 3290 we
395 3243 460 3290 must
476 3243 548 3303 apply
558 3244 857 3306 tontumeorrespoudlug
868 3245 927 3295 with
943 3246 985 3296 the
1000 3261 1051 3308 pre·

102 3319 105 3325 Δ
147 3296 232 3356 cedmg
242 3308 363 3358 quantum.

175 3365 254 3424 ⁷Itrs,·
271 3370 376 3431 uemely,
388 3371 430 3420 the
441 3372 514 3422 Remi
523 3372 571 3428 sud
581 3371 712 3434 Lingones.
