2268 3786
138 303 193 368 tta
440 320 480 362 ιιι
502 319 598 360 aeaco
619 317 754 361 caturca

134 447 184 484 non
197 431 340 486 ‚decimum
356 446 490 500 quemque
508 445 568 482 esse
587 429 708 482 relicuum
725 428 840 483 militem
858 429 916 482 sine
934 429 1054 484 vulnere.
1124 445 1125 476 r

135 502 175 556 Er
188 501 229 554 his
240 500 364 554 omnibus
374 499 475 566 judicat
488 500 573 568 rebus,
587 510 685 569 quanto
697 516 761 552 cum
772 499 889 569 periculo
908 509 935 552 et
955 513 1055 570 quanta

134 589 198 626 oum
209 573 305 624 virtute
318 587 360 624 rea
372 572 424 624 sint
435 569 649 624 administratae:
663 569 820 622 Ciceronem
830 586 876 640 pro
885 569 947 639 ejus
958 573 1055 624 merito

135 643 320 711 legionemque
338 641 486 694 collaudat:
510 640 679 692 centuriones
702 639 854 707 singillatim
881 640 1055 710 tribunosque

134 711 249 766 militum
261 710 385 780 appellat,
394 725 505 779 quorum
518 710 654 778 egregiam
666 708 748 761 fuisse
761 710 888 762 virtutem
899 711 1055 780 ‘testimonio

133 782 267 836 Ciceronis
284 789 450 849 cognoverat.
488 781 528 832 De
544 797 609 832 casu
632 778 722 832 Sabini
746 789 772 830 et
791 779 883 835 Cottae
901 781 1003 833 certius
1021 798 1055 834 ex
1124 841 1125 844 Ἴ

133 854 246 922 captivis
263 850 404 918 cognoscit.
440 851 547 902 Postero
562 849 607 902 die
623 849 749 902 concione
764 848 857 902 habita
873 863 930 902 rem
948 859 1055 918 gestam

133 923 259 991 proponit,
272 921 373 972 milites
390 919 539 972 consolatur
556 929 582 971 et
600 919 753 972 confirmat:
772 919 842 988 quod
861 919 1055 974 detrimentum

132 992 210 1060 culpa
227 1000 254 1043 et
272 989 421 1042 temeritate
439 988 520 1056 legati
538 989 571 1041 sit
588 997 739 1058 acceptum,
752 986 802 1041 hoc
818 989 945 1058 aequiore
963 990 1054 1043 animo

133 1060 274 1114 serendum
288 1057 373 1127 docet,
387 1058 464 1126 quod,
478 1057 609 1116 beneficio
622 1058 733 1110 deorum
752 1057 944 1114 immortalium
961 1068 989 1111 et
1004 1059 1054 1112 vir·

133 1139 189 1182 tute
207 1145 299 1182 eorum
317 1129 422 1198 expiato
439 1127 615 1195 incommodo,
634 1143 722 1196 neque
740 1127 861 1181 hostibus
877 1129 982 1181 diutina
1001 1127 1054 1184 lae·

134 1200 213 1266 tatio,¹
225 1215 314 1266 neque
327 1198 392 1268 ipsis
403 1197 503 1264 longior
515 1197 588 1250 dolor
600 1198 772 1266 relinquatur.
1120 1201 1123 1208 ⁴

167 1273 208 1322 53.
227 1269 337 1322 Interim
355 1267 389 1320 ad
408 1267 557 1320 Labienum
572 1283 619 1337 par
632 1267 732 1320 Remos
748 1267 896 1321 incredibili
914 1267 1055 1322 celeritate

132 1339 167 1390 de
185 1337 294 1390 victoria
314 1337 433 1390 Caesaris
456 1337 528 1392 fana
551 1335 689 1408 perfertur,
708 1346 745 1406 ut,
765 1353 847 1408 quum
871 1338 908 1391 ab
932 1337 1054 1393 hibernis

132 1409 266 1461 Ciceronis
289 1408 364 1462 milia
387 1423 515 1476 passuum
538 1409 645 1460 abesset
674 1405 778 1460 circiter
801 1423 853 1476 nx,
879 1423 967 1478 eoque
994 1419 1052 1478 post

133 1477 224 1530 horam
244 1494 341 1532 nonam
357 1477 411 1530 diei
426 1478 525 1530 Caesar
540 1477 712 1546 pervenisset,
725 1487 788 1530 ante
806 1477 924 1530 mediam
945 1489 1054 1532 noctem

131 1547 165 1601 ad
181 1557 270 1616 portas
284 1556 431 1600 castrorum
443 1545 545 1600 clamor
561 1547 676 1615 oriretur,
692 1562 744 1615 quo
761 1546 877 1600 clamore
896 1547 1055 1614 significatio
1124 1599 1125 1620 ,

132 1617 257 1673 victoriae
269 1618 462 1686 gratulatioque
479 1615 515 1670 ab
530 1616 623 1670 Remis
639 1615 757 1669 Labieno
771 1617 868 1669 fieret.⁸
903 1617 961 1669 llac
980 1618 1055 1682 fama

131 1687 165 1740 ad
189 1688 312 1740 Treviros
338 1685 447 1755 perlata,
466 1685 669 1754 indutiomarus,
694 1685 740 1754 qui
766 1695 871 1755 postero
895 1687 948 1738 die*
962 1697 1055 1740 rastra

133 1755 242 1810 Labieni
274 1771 427 1826 oppugnare
458 1755 621 1824 decreverat,
646 1763 725 1808 noctu
756 1755 873 1825 profugit
906 1758 1054 1827 copiaeque

132 1842 226 1880 omnes
243 1827 269 1878 in
289 1825 412 1878 Treviros
429 1825 540 1878 reducit.
576 1826 673 1878 Caesar
691 1824 802 1879 Fabium
822 1841 884 1878 curn
903 1827 1010 1894 legione
1029 1828 1054 1880 in

132 1912 180 1948 sua
193 1894 432 1964 remittithiberna,
447 1895 504 1964 ipae
516 1911 578 1948 cunr
592 1893 675 1948 tribus
686 1894 836 1963 legionibus
847 1895 951 1948 circum
963 1895 1054 1948 Sama·

133 1965 262 2018 robrivam
282 1965 356 2016 trinis
379 1963 505 2018 hibernis'
528 1963 648 2018 hiemare
672 1966 825 2032 constituit;
849 1973 876 2016 et
895 1965 968 2036 quod
988 1967 1052 2018 tanti
1124 1977 1125 1982 ’

133 2043 221 2087 motus
237 2033 341 2086 Galliae
358 2037 521 2102 exstiterant,
535 2043 617 2086 totam
636 2033 755 2088 hiemem
775 2035 832 2104 ipse
850 2033 885 2086 ad
903 2037 1055 2089 exercitum

131 2119 241 2160 manere
253 2103 380 2156 decrevit.
423 2104 494 2156 Nam
506 2103 733 2158 illoineommodo
745 2103 779 2156 de
792 2103 881 2157 Sabini
894 2114 982 2158 morte
996 2120 1054 2175 per·

132 2172 191 2242 lato,
204 2189 300 2226 omnen
314 2171 369 2225 fere
382 2173 485 2226 Galliae
502 2173 626 2227 civitates
640 2172 675 2226 de
691 2173 762 2227 bello
778 2174 972 2244 consultabant,
989 2192 1054 2228 nun⁴
1124 2175 1125 2210 ³

132 2241 187 2294 cios
199 2239 396 2322 legationesque
405 2243 433 2294 in
444 2259 537 2300 omnes
549 2252 639 2313 partes
650 2243 828 2313 dimittebant,
839 2251 867 2296 et
878 2244 942 2313 quid
957 2244 1052 2313 reliqui

131 2311 235 2366 consilii
252 2323 379 2382 caperent
396 2321 477 2382 atque
491 2313 561 2366 unde
574 2312 679 2365 initium
695 2312 761 2366 belli
779 2313 863 2381 fieret,
876 2313 1053 2383 explorabant

131 2391 312 2451 nocturnaque
323 2381 350 2434 in
362 2381 429 2435 locis
439 2381 553 2436 desertis
565 2382 677 2436 concilia
690 2381 833 2435 habebant.
856 2383 955 2452 Neque
967 2384 1054 2438 ullum

133 2450 188 2504 fere
207 2451 287 2506 totius
306 2450 402 2505 hiemis
425 2460 533 2522 tempus
556 2451 624 2504 eine·
638 2450 814 2504 sollicitudine
833 2452 955 2506 Caesaris
974 2453 1054 2506 inter·

131 2521 221 2588 ceaait,
234 2522 307 2590 quin·
318 2521 438 2644 alitppem
449 2520 485 2573 de
502 2521 622 2574 conciliis
638 2537 671 2573 ac
688 2531 763 2574 motu
774 2521 912 2574 Gallorum
924 2516 1053 2576 nuncium

130 2592 273 2661 acciperet.
310 2591 339 2644 ln
383 2590 407 2644 is
429 2590 476 2651 ab,
489 2591 518 2644 L.
537 2590 632 2644 Roscio
655 2589 864 2660 legataquem‘
872 2591 972 2660 legioni
989 2609 1051 2646 χιιι.

162 2755 287 2804 ¹Lcetatio
297 2755 356 2804 does
367 2765 409 2803 not
420 2771 493 2803 occur
503 2771 533 2802 an
552 2755 632 2804 where
649 2764 736 2815 except
748 2755 772 2803 in
783 2755 832 2804 this
843 2771 962 2824 passage;
980 2759 1024 2806 but
1036 2757 1054 2805 it

132 2816 152 2864 is
163 2830 247 2875 every
258 2815 397 2874 expressive
409 2813 484 2871 word,
498 2771 590 2864 antffar
598 2815 678 2864 better
688 2814 769 2864 suited
780 2824 806 2863 to
817 2815 866 2864 this
879 2831 983 2878 passage
996 2817 1054 2866 than

132 2875 173 2923 the
190 2889 302 2922 common
314 2873 380 2921 word
396 2876 497 2930 madia,
515 2873 560 2930 for,
571 2873 646 2938 being
662 2889 677 2922 a
692 2873 776 2923 verbal
792 2875 956 2932 substantive,
974 2875 993 2923 it
1010 2891 1053 2924 ex·

132 2949 228 2994 presses
240 2933 280 2981 the
292 2941 330 2980 act
342 2933 370 2980 of
376 2933 492 2994 rej0icing
503 2933 575 2980 itself.

160 3004 277 3060 'Fieretr
295 3003 344 3052 this
360 3001 513 3066 subjunctive
530 3003 637 3064 depende
652 3019 718 3064 upon
729 3021 782 3066 quc,
796 3005 877 3054 which
888 3007 1000 3056 contains
1011 3006 1053 3056 the
1068 3038 1070 3048 ·

132 3065 185 3112 idea
195 3062 224 3112 of
230 3073 276 3120 ut,·
294 3063 401 3124 namely‚
412 3073 495 3112 tantus
506 3065 599 3120 clamor,
613 3072 639 3112 ut
651 3081 675 3112 eo
686 3066 866 3126 elanrorefieret.

160 3138 169 3166 ⁸
182 3137 257 3185 Trina
268 3139 362 3185 hiberna
373 3153 413 3184 are
433 3136 566 3185 ‘threesold
578 3132 664 3184 winter
680 3147 790 3196 quarters
799 3138 816 3194 ς’
834 3137 991 3186 distributive
1008 3154 1053 3188 uu·

132 3197 220 3244 merals
236 3195 309 3256 being
319 3195 457 3256 frequently
467 3196 528 3243 used
539 3195 599 3243 with
610 3195 689 3254 plural
705 3212 782 3244 noune
794 3195 875 3244 which
886 3197 947 3245 have
960 3213 992 3246 no
1003 3199 1053 3246 sin·

132 3254 318 3360 guffilfrnmd
329 3255 356 3302 of
368 3255 473 3303 cardinal
485 3254 614 3302 numerals.
647 3255 697 3324 See
706 3255 805 3316 Zumpt,
818 3255 874 3304 Lot.
889 3257 970 3305 Grcm.
983 3257 997 3309 b
1010 3259 1053 3305 115

132 3327 162 3358 an
235 3348 241 3358 .

135 3439 142 3450 Ι
160 3385 169 3412 ⁴
183 3381 268 3444 Quinr
286 3383 339 3432 that
349 3385 379 3441 is,
392 3399 438 3446 qao
447 3399 505 3442 aaa,
517 3385 559 3434 the
569 3401 615 3448 prro
625 3385 742 3448 referring
753 3395 778 3436 to
788 3378 891 3452 tempurss
910 3426 913 3432 .
948 3391 951 3396 '
