2296 3796
486 333 577 376 ursas
596 333 618 376 r.
968 319 1005 380 41

87 431 194 499 certam
214 444 332 498 indicere
345 443 425 514 idque
437 443 559 497 Caesaris
571 443 706 509 voluntate
718 445 807 498 lacere
819 443 928 500 liceret:
947 463 1007 502 sese

89 515 192 575 habere
204 515 337 586 quasdam
350 531 398 583 res,
411 530 479 583 ques
490 531 524 566 ex
536 514 671 566 communi
683 531 814 567 consensu
826 516 860 568 ab
872 533 904 568 eo
917 527 1007 586 petere

87 585 202 638 vellent.
240 585 281 638 Ea
294 603 321 636 re
333 585 461 655 permissa
472 583 546 645 diem
558 583 669 636 coneilio
687 584 879 638 constituerunt
891 587 927 639 et¹
937 585 1007 656 jure·

86 655 204 724 jurando
227 671 262 707 ne
286 655 347 723 quis
369 654 525 721 enuntiaret,
546 653 596 705 nisi
616 653 715 726 quibus
738 655 874 708 communi
897 657 1007 710 consilio

86 725 252 788 mandatum
264 732 342 792 esset,
355 724 424 776 inter
435 739 465 776 se
477 731 629 775 sanxerunt,

123 798 168 846 31.
189 795 229 846 Eo
241 793 352 846 concilio
364 792 474 845 dimisso
487 791 570 845 iidem
582 793 715 862 principes
725 793 871 862 civitatum,
885 795 931 863 qui
943 803 1006 849 ante

86 863 208 916 fuerant’
218 864 253 916 ad
263 864 412 932 Caesarem,
421 869 585 916 reverterunt
594 863 785 932 petieruntque,
796 864 834 918 nti
844 863 895 916 sihi
903 873 1006 918 secreto

86 935 114 986 in
127 932 236 987 occulto
248 933 283 984 de
296 949 344 984 sua
355 931 529 1000 omniumque
541 927 627 984 salute
636 947 699 985 cum
713 949 744 984 eo
756 949 836 1000 agere
845 933 946 986 liceret.
966 935 1006 988 Ea

85 1020 115 1054 re
128 1003 275 1071 impetrata
287 1017 345 1054 sese
354 1017 448 1054 ornnes
456 1001 552 1054 flentes
560 1001 667 1055 Caesari
680 1001 714 1054 ad
727 1001 812 1072 pedes
823 1002 1004 1074 projecerunt:

85 1073 150 1126 Non
162 1073 255 1125 minus
267 1087 296 1124 se
308 1070 334 1123 id
347 1071 507 1123 contendere
520 1078 547 1122 et
558 1069 685 1140 laborare,
695 1089 729 1124 ne
738 1087 778 1141 ea,
788 1089 857 1142 quae
866 1072 1004 1142 dixissent,

85 1142 300 1210 enuntiarentur,
313 1157 395 1209 quarn
408 1141 444 1192 uti
458 1157 498 1208 ea,
512 1155 581 1208 quae
594 1140 702 1210 vellent,
721 1142 894 1210 impetrarent
902 1159 911 1211 3
929 1159 1005 1213 prop·

85 1221 163 1265 terea
172 1211 254 1280 quod,
265 1210 286 1262 si
299 1210 464 1264 enuntiatum
474 1221 553 1277 esset,
563 1227 699 1264 summum
709 1210 733 1263 in
743 1212 889 1265 cmeiatum
904 1229 932 1264 se
941 1229 1004 1266 ren·

85 1291 161 1335 turos
174 1281 304 1332 viderent.
340 1280 457 1332 Locutus
468 1288 509 1331 est
521 1295 567 1348 pro
580 1278 621 1331 his
634 1281 779 1332 Diuitiaene
797 1281 923 1335 Aeduus:
942 1281 1004 1336 Gal-

84 1351 144 1406 liae
161 1351 242 1402 totius
260 1349 399 1402 sactiones³
410 1365 471 1400 esse
484 1348 566 1401 duas:
585 1348 680 1401 lurum
698 1349 808 1402 alterius
825 1350 909 1419 prinei
929 1360 1003 1406 atum

85 1431 181 1474 tenere
194 1419 311 1488 Aeduos,
324 1418 435 1472 alterius
447 1421 587 1472 Arvernos.
624 1418 657 1471 Hi
671 1435 734 1470 cum
752 1425 889 1489 tantopere
906 1368 940 1472 tle
958 1437 1003 1490 po-

84 1498 192 1543 tentatu
211 1491 278 1543 inter
297 1505 326 1541 se
344 1488 443 1542 multos
459 1505 542 1540 annos
558 1487 755 1556 contenderent,
769 1487 870 1541 lactum
883 1505 953 1558 esse,
965 1491 1003 1544 uti

82 1560 121 1612 ab
142 1560 272 1613 Arvernis
295 1557 477 1628 Sequanisque
497 1557 623 1610 Germani
646 1558 772 1610 mercede
795 1568 1001 1612 arcesserentur.

83 1629 189 1682 Horum
208 1629 293 1696 primo
311 1628 414 1680 circiter
431 1627 504 1680 milia
516 1643 562 1680 xv.
598 1625 722 1680 Rhenum
739 1627 881 1679 transisse:
899 1637 1003 1695 postea·

82 1716 171 1768 quam
194 1715 272 1765 agros
289 1706 317 1750 et
335 1697 437 1750 cultum
455 1707 482 1749 et
500 1697 591 1766 copias
607 1695 744 1749 Gallorum
764 1695 886 1748 homines
904 1695 952 1748 leri
970 1713 1003 1750 ec

82 1767 193 1840 barbari
211 1767 390 1836 adamassem,
404 1766 539 1820 traductos
549 1766 656 1837 plures:
674 1783 746 1819 nuno
758 1782 819 1818 esse
832 1765 858 1819 in
871 1764 958 1819 Gallia
969 1767 1002 1819 ad

82 1855 109 1892 c.
136 1845 164 1890 et
188 1855 234 1890 xx.
259 1837 363 1890 milium
386 1853 538 1890 numerum.
574 1837 642 1889 Cum
662 1835 704 1888 his
722 1835 831 1889 Aeduos
854 1852 1002 1905 eorumque

81 1907 201 1960 clientes
214 1905 299 1959 semel
308 1916 389 1974 atque
397 1905 592 1960 iterum⁴armis
601 1907 785 1974 contendisse3
798 1921 923 1974 magnam
932 1907 1002 1959 cala·

81 1977 209 2030 mitatem
217 1977 307 2045 pulsos
313 1977 458 2046 accepisse,
465 1993 571 2030 omnem
581 1975 863 2044 nobilitatem,omnem
869 1984 1001 2044 senatum,

80 2045 492 2115 omnemequitatumamisisse.
527 2045 631 2104 Quibus
639 2045 1002 2116 proeliiscalamitatibusque

80 2115 190 2183 fractos,
211 2117 255 2185 qui
274 2123 300 2167 et
319 2133 368 2174 sua
380 2115 477 2168 virtute
496 2123 523 2168 et
540 2132 574 2184 po
593 2114 631 2167 uli
649 2115 760 2168 Romani
779 2115 902 2186 hospitio*
919 2129 1001 2186 atque

79 2187 205 2251 amicitia
229 2185 374 2255 plurimum
399 2185 505 2238 anteiri
525 2131 612 2236 callia
635 2185 789 2254 potuissent,
809 2195 924 2238 coactos·
939 2203 1001 2239 esse

79 2255 216 2324 Sequanis
234 2254 343 2307 obsides
360 2253 431 2323 dare,
450 2254 630 2308 nobilissimos
647 2254 770 2324 civitatis,
788 2264 815 2307 et
832 2254 1002 2325 jurejurando

79 2325 222 2378 civitatem
239 2325 410 2394 obstringere,
430 2341 490 2376 sese
508 2339 596 2392 neque
614 2321 721 2376 obsides
738 2325 895 2394 repetituros
913 2341 1001 2394 neque

109 2504 247 2564 ¹Nanrely‚
260 2507 287 2554 ia
302 2523 327 2554 eo
342 2507 447 2562 cnsilio,
459 2505 506 2554 and
516 2505 589 2554 when
604 2504 646 2552 the
663 2504 770 2566 maeting
785 2519 836 2552 was
853 2504 999 2560 assembled

78 2565 251 2680 plllrrripaggooh
260 2580 291 2613 an
300 2565 357 2614 oath
365 2565 417 2614 that
425 2581 458 2613 no
465 2581 511 2613 one
520 2564 608 2613 should
616 2565 712 2624 divulge
721 2563 762 2610 the
772 2563 865 2622 subject
875 2563 1000 2614 discussed

107 2699 237 2748 ¹Fuerant
252 2702 291 2747 erl.
323 2699 379 2747 The
394 2701 453 2748 rerb
469 2717 519 2748 esse
532 2699 590 2747 here
607 2698 717 2747 contains
732 2697 773 2745 the
789 2696 843 2745 idea
853 2697 881 2745 of
892 2697 997 2760 coming,

79 2760 182 2808 whence
194 2759 212 2806 it
224 2759 244 2806 is
255 2755 368 2807 followed
380 2761 413 2820 by
423 2762 461 2806 ad.
493 2758 612 2818 Compare
625 2757 677 2806 Cio.
687 2760 719 2804 ad
728 2756 781 2804 An.
793 2772 817 2804 x.
830 2759 865 2804 16.

108 2847 254 2896 ’Fodiones
270 2846 327 2894 here
344 2863 384 2895 are
399 2856 441 2894 not
456 2845 558 2895 faotione
574 2847 597 2894 in
613 2861 748 2902 consensa,
760 2847 803 2893 but
814 2843 855 2892 the
871 2854 924 2892 two
931 2855 997 2905 great

78 2907 188 2968 political
192 2907 287 3013 ¹parties
298 2907 379 2954 which
389 2905 486 2954 divided
497 2906 569 2954 Gaul.
600 2904 655 2974 'l'he
668 2905 749 2973 Aedui
765 2904 812 2952 had
827 2903 923 2959 formerl
951 2903 997 2953 had

78 2983 94 3015 a
104 2967 163 3015 kind
175 2982 190 3014 o
210 2980 336 3025 supremae
364 2981 422 3013 over
432 2965 465 3012 all
475 2965 517 3013 the
530 2965 615 3021 Gauls,
628 2964 720 3013 srmrlar
730 2974 756 3011 to
766 2963 818 3011 that
829 2963 857 3010 of
868 2963 909 3010 the
958 2979 995 3010 ce·

78 3025 236 3075 daemonicus
247 3040 305 3072 over
316 2981 353 3072 all
359 3025 399 3094 the
413 3023 524 3093 Greeks..
547 3024 595 3072 But
607 3023 746 3072 afterwards
762 3023 803 3070 the
814 3022 927 3090 Arverni,
940 3038 996 3082 sup·

78 3085 165 3144 ported
181 3086 213 3144 by
229 3083 270 3132 the
288 3083 402 3143 Sequana
415 3083 461 3132 and
477 3082 581 3132 assisted
596 3085 629 3142 by
641 3083 749 3131 German
764 3095 931 3136 mercenariae,
949 3081 995 3129 had

78 3142 195 3193 assumed
206 3143 247 3190 the
259 3159 410 3204 supremncy.
442 3143 489 3191 See
500 3143 531 3190 vi.
545 3147 581 3199 12,
593 3143 634 3190 vii.
646 3145 668 3189 4.

108 3217 204 3266 ‘Semel
214 3226 284 3278 atque
294 3219 417 3266 iterum-⁴
426 3217 496 3278 again
506 3215 552 3264 aud
563 3215 649 3276 again)

108 3291 184 3340 ⁵The
195 3290 297 3342 relation
307 3290 334 3339 of
346 3290 486 3350 hospitality
496 3288 591 3338 existed
601 3289 626 3338 in
636 3288 731 3338 ancient
742 3288 823 3342 times,
836 3295 877 3334 not
888 3286 928 3335 onl
953 3290 994 3336 be·

79 3361 161 3400 tween
172 3349 325 3409 individuale,
337 3351 381 3400 but
392 3350 444 3398 also
454 3350 662 3405 betweenstates,
673 3347 720 3396 and
729 3348 842 3396 between
852 3303 996 3397 indiviluats

80 3409 127 3460 aud
138 3419 226 3516 states.
259 3408 306 3458 See
316 3408 349 3456 ri.
360 3412 384 3466 5,
396 3409 437 3457 vii.
446 3411 484 3458 75.
507 3467 523 3502 1>
