2268 3786
459 305 550 354 uraurt
570 305 599 350 v.
927 265 991 348 tet'

65 412 186 483 victoria,
207 422 293 468 turres
310 411 512 482 testudinesque
531 430 612 483 egere
630 421 657 468 et
675 411 755 468 scalis
773 411 873 472 vellunt
891 429 984 470 ascen·

65 484 131 537 dere
144 492 298 552 coeperunt.
334 485 370 538 At
383 492 455 536 tanta
468 483 583 538 militurn
596 484 679 538 virtus
695 492 778 553 atque
790 502 823 538 ea
834 485 984 555 praeseutia

64 553 151 606 animi
163 553 221 623 tuit,
235 562 271 621 ut,
285 569 369 623 quum
382 553 501 622 undique
513 553 624 608 flamma
637 561 795 608 torrerentur
812 555 983 624 maximaque

66 622 183 676 telorum
195 622 367 676 multitudine
380 632 565 692 premerentur
576 640 678 692 suaque
690 623 779 678 omnia
790 624 983 694 impedimenta

66 701 150 762 atque
173 709 268 744 omnes
292 691 411 745 fortunas
434 693 596 760 conflagrare
620 691 805 764 intelligerent,
829 711 880 748 non
904 692 984 748 modo

67 761 236 831 demigrandi
249 778 330 814 causa
342 759 376 814 de
385 761 456 814 vallo
468 761 612 815 decederet
623 779 711 830 nemo,
725 761 772 816 sed
786 780 872 833 paene
884 780 918 818 ne
931 780 983 818 ras·

68 833 171 901 piceret
180 833 289 900 quidem
302 831 444 901 quisquam
450 849 458 901 5
470 849 502 884 ac
515 843 573 886 tum
584 848 679 886 omnes
689 833 818 888 acerrime
831 832 983 888 fortissime·

68 918 121 971 que
133 917 169 970 pu
191 909 292 954 nareut.
328 901 378 954 Hic
390 899 643 970 diesuoetrislonge
660 903 835 982 gravissimus
853 903 917 971 fuit,
935 902 982 956 sed
1066 959 1069 969 ,

69 981 162 1023 tamen
202 987 254 1022 unc
274 969 366 1023 habuit
386 979 522 1040 eventum,
543 979 573 1024 ut
592 987 625 1024 eo
645 971 691 1026 dre
714 975 848 1028 maximus
867 972 983 1028 bostium

69 1056 200 1094 numerus
219 1037 401 1092 veneraretur
419 1049 501 1109 atque
520 1041 720 1110 interficeretur,
742 1045 780 1095 ut¹
799 1059 830 1096 se
853 1042 904 1098 sub
926 1043 984 1112 ipsc

71 1107 141 1162 vallo
153 1110 366 1178 constipaverant
384 1126 520 1164 recessum
540 1127 575 1162 ue
592 1111 686 1180 primis
702 1110 789 1164 ultimi
806 1129 857 1166 uon
875 1111 982 1166 dabant.

70 1177 195 1232 Paullum
216 1175 327 1247 quidem
348 1179 499 1232 intermissa
518 1127 636 1248 flamma,
658 1189 685 1232 et
704 1181 822 1248 quodam
842 1182 899 1236 loco
920 1182 982 1236 turri

69 1247 167 1300 adacta
179 1255 206 1300 et
219 1249 388 1316 contingente
401 1249 510 1318 vallum,
523 1250 616 1304 tertiae
634 1249 749 1304 cohortis
766 1252 935 1306 centuriones
949 1267 983 1304 err

71 1334 111 1386 eo,
125 1334 178 1387 quo
191 1317 304 1385 stabant,
317 1315 375 1370 loco
388 1329 554 1372 recesserunt
566 1335 613 1372 suo
629 1369 631 1373 ,
648 1336 681 1372 ue
693 1336 787 1374 omues
800 1331 983 1387 removerunt,

70 1395 138 1440 nutu
152 1386 314 1455 vocibusque
333 1385 431 1458 hostes,
444 1388 467 1440 si
479 1389 586 1442 introire
598 1405 631 1442 ve
652 1397 705 1456 ent,
719 1405 814 1442 vocare
831 1400 984 1460 coeperunt,

90 1473 186 1510 uorum
200 1456 323 1526 progredi
340 1474 422 1510 ausus
440 1466 481 1510 est
499 1475 587 1510 nemo.
622 1457 693 1510 Tum
705 1460 823 1514 exomni
835 1469 909 1530 parte
921 1459 984 1529 lapi·

70 1473 152 1579 dibus
164 1524 293 1594 conjectis
304 1525 436 1580 deturbati
450 1526 580 1596 turrisque
593 1543 722 1580 succense
735 1537 784 1582 est.

107 1601 149 1650 44.
170 1595 251 1650 Erant
265 1596 292 1648 in
304 1613 337 1650 ea
349 1595 453 1665 legione
465 1596 600 1650 fortissimi
615 1596 661 1651 riri
674 1598 850 1666 centuriones,
855 1597 919 1720 poi·
928 1597 985 1666 jam

71 1665 166 1787 primis
189 1665 326 1718 ordinibus
346 1666 595 1736 appropinquarent,
615 1667 645 1719 T.
666 1665 749 1720 Putfio
767 1675 794 1720 et
812 1665 842 1720 L.

879 1683 984 1722 areuue.

99 1734 106 1787 i
123 1743 269 1806 perpetuas
286 1734 353 1788 iuter
371 1753 400 1790 se
418 1736 609 1790 controversias
626 1735 769 1805 habebant,
783 1737 894 1806 quinam
911 1745 986 1790 sute-

72 1804 193 1872 ierretur,
207 1802 385 1884 omnibusque
397 1807 475 1858 annis
486 1805 520 1858 de
533 1805 599 1860 loco¹
611 1806 723 1860 summis
735 1805 914 1862 simultatibus
925 1822 986 1862 con·

73 1873 232 1928 tendebant.
267 1873 307 1928 Ex
331 1874 365 1926 irs
387 1875 479 1944 Pulfio,
503 1891 589 1944 quum
616 1876 746 1928 acerrime
768 1875 803 1930 ad
826 1876 987 1932 munitiones

71 1952 241 2013 pugnaretur,
260 1942 328 2001 Quid
348 1943 462 2014 dubitas,
483 1944 576 2014 inquit,
589 1944 715 1998 Vareno?
732 1955 779 1998 aut
798 1963 879 2016 quem
897 1945 986 2000 locum

72 2013 225 2082 probandae
239 2013 341 2066 virtutis
359 2022 420 2066 tuae
439 2014 564 2136 splectasl
582 2013 627 2067 hic
638 2014 708 2098 dies,
718 2011 763 2070 bie
775 2016 834 2070 dies
845 2015 879 2070 de
892 2017 988 2070 nostrie

72 2082 259 2136 controversiis
275 2081 414 2151 judicabit.
475 2101 524 2136 aec
542 2101 627 2153 quum
644 2083 764 2165 dixisset,
777 2086 896 2155 procedit
914 2095 987 2142 extra

54 2151 243 2220 «munitiones,
256 2169 379 2221 quaeque
397 2169 458 2222 pars
475 2152 592 2208 hostium
611 2154 806 2210 contenissrma
818 2157 875 2210 risa
892 2165 942 2225 est,
960 2155 986 2210 iu

70 2237 133 2274 earn
147 2221 275 2290 irrumpit.
313 2221 354 2289 Ne
367 2221 488 2276 Varenus
499 2222 608 2292 quidem
622 2231 679 2276 tum
692 2223 760 2277 vallo
779 2243 839 2278 sese
857 2226 983 2294 continet,

69 2290 118 2343 sed
138 2291 258 2360 omnium
277 2289 377 2344 veritus
397 2291 621 2346 existimationem
640 2291 818 2362 subsequitur.
855 2295 987 2349 Mediocri

69 2357 157 2430 spatio
176 2360 276 2428 relicto,
290 2359 375 2413 Pulfio
393 2361 478 2429 pilum
498 2360 522 2416 in
544 2360 636 2414 hostes
653 2361 734 2416 mittit
753 2371 834 2432 atque
852 2381 935 2422 unum
954 2381 988 2418 ert

68 2428 243 2484 multitudine
264 2441 463 2499 procurrentem
483 2430 618 2500 transjicit,
636 2446 689 2499 quo
745 2448 835 2486 rousso
852 2441 880 2486 et
898 2433 987 2486 exani·

68 2508 152 2566 mato,
175 2495 256 2552 bunc⁴
276 2499 359 2552 scutis
378 2508 518 2569 protegunt
538 2499 637 2568 hostes,
655 2498 681 2550 in
704 2499 778 2556 'lum
797 2500 851 2554 tela
869 2502 985 2556 universi

67 2567 217 2639 conjiciunt
235 2567 405 2638 nequedum
424 2568 594 2637 regrediendi
613 2567 777 2628 facultatem.
814 2569 988 2639 Transfigitur

68 2648 178 2691 scutum
192 2635 303 2690 Pulfioni
317 2646 344 2691 et
355 2647 479 2691 verutum
500 2639 526 2691 in
543 2637 633 2692 balteo
651 2637 784 2707 defigitur.
810 2641 924 2705 ,Avertit
944 2639 988 2693 bic

67 2723 151 2761 casus
163 2707 296 2778 vum'nam,
310 2716 337 2760 et
354 2707 472 2777 gladium
486 2708 602 2761 educere
615 2707 721 2760 conanti
732 2707 855 2762 dextram
873 2718 989 2763 moratur

51 2755 55 2829 l

51 2861 58 2943 l
72 2889 76 2896 '
99 2887 105 2914 ¹
121 2883 154 2934 Ut
166 2884 223 2934 here
234 2883 342 2946 significa
353 2885 394 2934 the
406 2886 486 2947 acting
501 2901 582 2944 cause,
600 2885 647 2938 and
665 2887 686 2936 is
705 2885 793 2936 almost
810 2887 948 2948 equivalent
965 2898 990 2938 to

53 2959 149 3019 ,qaum
181 2943 301 3004 Compare
311 2945 343 2994 vi.
353 2949 377 3002 7,
389 2945 429 2994 vii.
438 2949 478 3002 4⁵,
491 2949 528 3003 61,
541 2949 580 2994 88.

66 3016 170 3126 m’terr'
188 3018 213 3066 in
229 3017 277 3066 this
296 3017 404 3067 instance
420 3019 529 3067 contains
545 3018 587 3068 the
598 3019 774 3089 idesoiquuru.
807 3019 853 3069 See
870 3019 930 3080 chap
950 3023 986 3076 33,

96 3149 194 3198 'hear
205 3150 262 3199 here
273 3149 295 3199 is
306 3149 367 3199 rank
382 3151 406 3199 iu
422 3151 464 3200 the
479 3166 556 3220 army,
569 3149 606 3200 sor
616 3151 634 3199 it
645 3167 697 3202 rrae
707 3151 760 3200 said
770 3161 795 3202 at
806 3151 852 3221 tlte¹
858 3152 990 3215 beginning

66 3209 269 3331 fiigihefh‘piffl
283 3209 336 3258 that
355 3209 425 3258 thaso
443 3219 583 3259 centurione
599 3209 664 3259 were
681 3225 738 3260 near
754 3209 887 3272 edraumng
905 3221 930 3260 to
948 3213 989 3260 the

129 3283 157 3316 es
180 3283 222 3316 ran
243 3305 249 3316 .

96 3345 106 3372 ⁴
116 3341 267 3404 Respecting
278 3344 339 3390 tuuc
349 3339 410 3390 alter
419 3340 462 3390 the
473 3340 578 3390 ablativa
589 3340 709 3398 absolute,
722 3355 764 3390 see
775 3341 808 3390 iii.
820 3345 856 3400 14,
870 3351 925 3394 note
937 3345 958 3393 7,

163 3417 209 3465 12*
526 3421 546 3456 Ι
