2296 3796
469 317 562 362 aran
580 317 615 362 ιι.
957 297 999 360 68

76 425 185 494 faciunt,
199 424 358 480 secundiore
369 427 492 498 equitum
502 426 610 496 proelio¹
620 435 717 482 uostris
724 426 822 481 Oeesar
830 442 893 482 suos
900 426 928 480 iu
939 441 997 481 oas-

74 505 114 548 tra
132 495 248 548 reduxit.
284 495 380 549 Hostes
398 497 516 566 protinus
532 513 568 548 ex
582 513 615 550 eo
632 497 690 550 loco
706 497 742 550 ad
760 497 862 551 flumen
873 497 997 552 monam

73 563 278 634 contenderunt,
290 566 361 635 quod
374 583 435 619 esse
447 575 506 636 post
517 577 605 620 nostra
620 581 708 620 castra
719 566 930 621 demonstratum
946 575 995 620 est.

73 634 112 688 lbi
126 634 206 687 radis
225 636 335 703 repertis
353 645 455 705 partem
473 652 581 692 suarum
599 637 734 706 copiarum
753 637 891 690 traducere
910 637 997 690 conati

73 714 143 774 sunt,
157 721 192 756 eo
203 705 320 774 consilio,
333 714 370 773 ut,
383 704 406 758 si
417 714 532 776 possent,
540 705 688 776 castellum,
702 706 746 758 cui
755 715 874 776 praeerat
883 703 998 765 Quintus

72 773 194 828 Titurius
212 773 335 843 legatus,¹
346 783 528 844 expugnarent
546 783 708 845 pontemque
726 775 959 830 interscinderent:
973 775 997 830 si

72 844 165 898 minus
189 844 344 966 potuissenlt1
363 861 441 912 agros
457 845 601 898 Remorum
619 845 813 916 popularentur,
833 845 880 916 qui
898 862 996 916 magno

72 912 231 1036 mbtirsugwi
243 912 277 966 ad
291 913 325 967 be
346 931 392 968 um
409 913 557 983 gerendum
575 923 657 984 eraut,
670 924 877 985 commeatuque
894 928 996 968 nostros

91 983 148 1036 roi
187 991 254 1036 rent.

66 999 90 1084 g
110 1057 151 1104 10.
189 1052 288 1106 Caesar
305 1053 398 1106 certior
415 1052 503 1106 factus
519 1051 555 1108 ab
572 1053 673 1106 Titurio
685 1069 793 1108 omnent
806 1053 955 1124 equitatum
967 1064 996 1110 et

71 1120 143 1174 levis
168 1132 319 1176 armaturae
335 1121 475 1192 Numidas,
493 1122 641 1176 funditores
665 1124 868 1194 sagittariosque
886 1135 995 1194 pontem

71 1191 191 1244 traducit
201 1200 283 1261 atque
295 1191 329 1244 ad
342 1209 389 1246 eos
400 1191 545 1246 contendit.
568 1193 673 1246 Acriter
684 1193 711 1246 in
724 1209 756 1246 eo
768 1193 834 1246 loco*
846 1204 994 1264 pugnatum

70 1269 123 1314 est.
160 1261 259 1314 Hostes
283 1260 425 1332 impeditos
448 1262 531 1326 nostri
547 1263 574 1316 in
592 1262 703 1316 flumine
725 1263 842 1332 aggressi
867 1281 995 1344 maguum

69 1347 167 1384 eorum
190 1347 332 1384 numerum
358 1329 526 1386 occiderunt:
557 1349 605 1402 per
628 1348 720 1385 eorum
745 1345 854 1402 corpora
879 1333 995 1404 reliquos

68 1399 254 1454 audacissime
277 1401 388 1454 transire
411 1411 539 1456 conuutes
560 1401 730 1455 multitudine
754 1401 867 1456 telorum
890 1403 993 1482 repule-

69 1478 133 1523 runt
140 1486 149 1538 5
173 1470 281 1540 primos,
305 1470 351 1540 qui
375 1470 539 1542 transierant,
563 1472 683 1540 equitatu
701 1471 896 1524 circumventos
915 1483 994 1526 ruter-

68 1539 203 1592 feceruut.
239 1539 342 1610 Hostes,
357 1540 402 1593 ubi
414 1548 441 1593 et
453 1539 487 1594 de
500 1541 675 1621 expugnando
687 1539 783 1611 oppido
795 1549 822 1593 et
834 1539 868 1594 de
880 1540 993 1596 flumine

68 1607 233 1662 transeundo
251 1625 327 1679 spem
345 1626 375 1662 se
392 1609 520 1663 fefellisse
541 1610 726 1664 rntellexerunt
743 1627 830 1678 neque
849 1620 949 1664 nostros
966 1615 994 1666 in

67 1677 162 1732 bourn
181 1679 216 1732 in'
236 1678 339 1732 uiorem
363 1679 483 1759 progredi
502 1679 638 1750 pugnandi
661 1696 744 1732 causa
761 1678 892 1750 viderunt,
911 1689 993 1750 atque

67 1749 143 1818 ipsos
161 1695 394 1802 resufrumentarra
411 1747 528 1803 deficere
545 1749 640 1820 coepit,
653 1749 764 1804 concilio
776 1758 919 1802 convocato
932 1767 993 1805 con·

67 1817 214 1871 stituerunt
231 1817 363 1887 optimum
381 1835 443 1872 esse
466 1817 576 1872 domum
594 1837 670 1872 auam
689 1826 824 1899 quemque
842 1819 946 1891 reveni,
965 1829 993 1875 et

65 1903 185 1956 quorum
208 1887 234 1939 in
259 1887 327 1940 fines
344 1888 460 1958 priruum
477 1889 592 1954 Romani
613 1897 760 1942 exercrturn
778 1887 991 1960 introduxissent,

66 1956 104 2010 ad
124 1972 171 2008 eos
189 1955 371 2010 defendendos
389 1957 452 2010 undi
472 1975 506 2024 ue
524 1959 712 2012 convenirent*
730 1967 758 2011 ut
777 1959 865 2028 potius
883 1961 909 2014 in
928 1959 991 2042 suis,

66 2042 153 2148 quam
173 2025 199 2078 in
217 2026 314 2080 alienis
330 2025 428 2100 finibus
451 1975 617 2081 generarent
635 2037 663 2081 et
699 2027 834 2081 omesticis
851 2030 935 2100 copiis
953 2047 992 2084 rer

81 2096 260 2148 rumentariae
285 2104 427 2150 uterentur.
462 2096 506 2150 Ad
530 2114 591 2150 earn
615 2097 772 2152 sententiam
797 2115 861 2152 cum
884 2099 992 2170 reliquis

67 2165 162 2218 causis
179 2163 247 2218 haec
263 2181 370 2235 quoquc
388 2165 452 2218 ratio
464 2183 511 2220 ecs
522 2164 640 2237 deduxit,
654 2165 723 2236 quod
736 2167 897 2222 Divitiacum
909 2178 936 2222 at
957 2186 991 2222 ue

67 2233 183 2287 Aeduos
193 2234 291 2289 finibus
303 2233 504 2288 Bellovacorum
516 2235 726 2307 adpropinquare
739 2248 929 2306 cognoverant:
968 2239 991 2292 is

67 2302 232 2374 persuaderi,
246 2314 274 2358 ut
287 2305 389 2360 diutius
399 2315 563 2358 morarentur
572 2306 674 2376 'neque‘
681 2305 737 2358 suis
745 2306 873 2360 auxilium
883 2307 989 2378 ferrent,

67 2390 122 2426 non
170 2382 246 2426 terat.

106 2389 208 2496 upum
220 2461 247 2497 re
260 2443 402 2496 constituta
413 2443 532 2499 secunda
543 2443 633 2514 vigilia
645 2461 741 2514 magno
759 2460 822 2498 curn
835 2446 944 2516 strepitu
957 2461 991 2502 ao

68 2511 188 2565 tumultu
200 2513 294 2566 castris
305 2513 407 2582 egressi
419 2513 491 2566 nullo
503 2523 575 2567 certo
593 2513 684 2567 ordine
697 2529 785 2583 neque
797 2513 914 2585 imperio,
927 2532 991 2570 cum
1050 2580 1052 2585 Ι

67 2581 120 2636 sibi
144 2583 259 2652 quisque
276 2582 393 2653 ptimum
411 2583 512 2637 itineris
530 2583 619 2638 locum
637 2592 739 2654 peteret
758 2592 784 2635 et
803 2581 913 2637 domurn
931 2601 990 2656 per·

99 2799 106 2826 ¹
116 2795 261 2844 Secundiore
273 2797 363 2860 proelii)
374 2795 394 2846 is
405 2795 446 2846 the
458 2796 563 2848 ablativa
574 2797 693 2848 absolute.
724 2798 772 2848 See
783 2799 853 2862 chap.
864 2804 887 2860 8,
900 2811 956 2852 uote
967 2805 989 2852 3.

97 2883 107 2913 ¹
117 2883 165 2932 See
176 2883 246 2944 chap.
258 2885 280 2932 5.

97 2970 148 3020 'In
158 2989 183 3020 eo
194 2973 254 3028 loom·
272 2971 378 3033 hemely,
391 2972 416 3020 in
427 2973 507 3022 which
518 2974 548 3023 ho
560 2973 635 3024 found
645 2975 687 3024 the
697 2975 812 3026 enemies.

97 3057 217 3127 ‘Instead
225 3057 254 3106 of
259 3062 409 3108 conuenirent
421 3073 458 3108 we
469 3060 547 3122 might
555 3061 617 3110 hare
628 3063 747 3122 expected
757 3063 798 3113 the
810 3063 926 3114 infinitivo
936 3082 989 3116 con·

68 3121 159 3175 vestire,
171 3133 197 3166 as
209 3133 233 3165 rn
245 3117 286 3166 the
297 3119 426 3180 preceding
437 3120 518 3168 clause
527 3137 564 3169 we
576 3121 637 3170 hare
649 3125 748 3181 reuerti;
766 3125 809 3173 but
821 3126 907 3174 reuerti
916 3125 937 3174 is
947 3127 990 3178 the

68 3177 119 3226 real
130 3178 212 3238 object
221 3176 249 3225 of
257 3177 296 3224 the
306 3179 417 3246 enemy’s
426 3178 519 3237 decree,
529 3180 638 3230 whereas
648 3185 799 3232 convenirent
809 3199 937 3243 expresses
947 3187 990 3236 the

70 3238 190 3286 intention
201 3251 228 3284 or
238 3251 342 3296 purpose
353 3242 389 3286 tor
399 3237 479 3286 which
490 3238 549 3298 they
560 3255 600 3288 are
611 3251 637 3289 tc
647 3252 737 3290 return.

98 3323 201 3393 ‘Neque
216 3323 273 3372 here
285 3340 392 3374 unswers
403 3334 429 3394 tq
439 3325 481 3374 the
492 3327 604 3388 negative
615 3330 729 3392 meaning
739 3329 838 3390 implied
848 3330 874 3382 in
883 3331 925 3383 the
935 3349 989 3396 pre·

69 3383 157 3446 eedrng
167 3383 258 3434 clause.
291 3383 410 3444 Compare
421 3400 437 3432 r.
448 3387 486 3433 35.
