2296 3796
151 299 192 362 52
449 319 489 362 os
510 319 607 362 senso
625 319 762 364 osuuroo.

151 428 230 482 trane
241 443 300 482 esse
312 427 435 500 Gelliam,
448 428 517 484 sicut
529 428 602 483 illem
612 438 738 484 nostrum.
773 427 810 484 Ut
821 426 872 499 ipsi
885 425 998 482 concedi
1015 445 1068 482 non
1133 477 1134 496 ,

151 504 288 578 oporteret,
309 499 331 551 ei
350 499 376 552 in
394 506 494 552 nostros
512 498 580 553 fines
599 499 732 580 impetum
749 498 857 568 laceret,
877 498 916 550 sio
934 498 1001 550 item
1020 513 1069 552 nos
1133 521 1134 552 ÷

152 581 212 620 esse
223 579 332 638 iniquos,
343 567 413 638 quod
422 569 448 620 in
458 585 505 621 suo
516 568 574 638 jure
584 585 612 621 se
622 565 859 638 interpellaremus.
886 566 961 625 Quod
972 567 1069 622 fratres

151 635 305 758 pennatus
323 636 453 710 consulto]
474 639 580 692 Aeduos
597 638 744 709 appellatos
763 637 870 706 diceret,
889 654 941 690 non
961 653 991 688 se
1013 647 1068 692 tem
1133 619 1134 686 l

189 705 292 760 iberum
313 723 400 778 neque
420 716 475 760 tem
495 708 648 780 imperitum
668 725 729 760 esse
749 725 845 777 rerum,
866 715 967 760 utnon
987 707 1068 762 sciret
1133 725 1134 764 1

152 775 328 845 nequebello
343 777 515 846 Allobrogum
534 779 652 847 proximo
667 777 777 832 Aeduos
793 777 919 832 Romanis
936 775 1068 834 auxilium
1133 789 1134 840 t

151 845 244 898 tulrsse
262 863 350 916 neque
369 846 440 916 ipsos
457 849 483 900 in
499 847 540 901 his
558 847 778 916 contentionibus,
809 864 858 900 uss
869 845 958 899 Aedui
973 861 1068 902 secum
1133 843 1134 912 i

151 924 178 966 et
190 933 253 968 curn
265 916 394 986 Sequanis
412 916 572 987 habuissent,
586 917 684 971 auxilio
696 917 786 987 populi
836 916 909 972 meni
921 932 986 968 usos
998 933 1068 970 esse.
1133 917 1134 922 ’

151 984 255 1038 Debere
267 1002 297 1037 se
316 986 443 1056 suspicari
459 986 584 1040 simulate
595 987 736 1040 Caesarem
756 985 893 1054 rtrnicitic,²
904 983 976 1054 quod
995 1002 1068 1038 exer·

150 1053 233 1108 citum
252 1055 277 1106 in
295 1054 382 1107 Gellia
400 1055 505 1126 habeut,
525 1057 566 1109 eui
584 1056 749 1127 opprimendi
767 1073 849 1110 censs
868 1055 979 1111 hebere.
1017 1055 1069 1114 Qui

150 1122 202 1175 nisi
214 1123 328 1176 decedat
346 1134 427 1194 utque
445 1126 591 1180 exercitum
604 1126 720 1179 dedocet
732 1143 766 1178 ex
778 1125 822 1178 bis
834 1124 994 1194 regionibus,
1007 1141 1069 1180 esse

151 1191 226 1245 illum
239 1209 290 1246 non
303 1211 348 1264 pro
360 1195 456 1265 arnico,
470 1195 517 1248 sed
529 1213 575 1266 pro
593 1195 670 1250 hoste
687 1195 848 1250 habitururn.
878 1194 956 1253 Quod
969 1195 993 1247 si
1006 1212 1069 1250 eom

151 1261 319 1334 interfecerit,
338 1263 430 1317 multis
447 1281 507 1318 sese
525 1265 657 1320 nobilibus
674 1265 890 1344 principibusque
909 1263 1002 1334 populi
1020 1265 1069 1320 Ro

151 1331 224 1384 rnuni
235 1343 338 1401 gratum
352 1351 412 1386 esse
425 1333 573 1390 lecturum:
592 1335 619 1388 id
632 1352 661 1388 se
674 1335 709 1388 ab
721 1335 785 1405 ipsis
799 1351 950 1404 percorum
962 1335 1070 1389 nuntios

151 1409 316 1472 compertum
329 1403 436 1474 hebere,
449 1420 562 1476 quorum
574 1405 693 1458 omniurn
705 1403 818 1474 gretiam
830 1416 910 1472 atque
918 1404 1069 1458 amicitiem

151 1469 211 1542 ejus
229 1481 312 1526 rnorte
329 1473 459 1526 redimere
477 1483 574 1545 posset.
606 1474 721 1533 Quodsi
738 1473 900 1526 decessisset
914 1481 941 1526 et
955 1472 1069 1528 liberem

150 1541 344 1610 pussessionem
357 1543 460 1596 Galliae
473 1544 523 1598 sibi
537 1543 697 1614 tradidisset,
709 1560 807 1612 megno
820 1559 849 1595 se
862 1543 937 1596 illum
950 1543 1069 1612 praemio

150 1622 379 1666 remuneraturum
393 1621 420 1666 et
428 1630 615 1684 quaecumque
628 1613 699 1668 belle
710 1613 767 1684 geri
774 1613 863 1683 vellet,
873 1613 931 1666 sine
943 1611 999 1666 ullo
1012 1613 1069 1683 ejus

151 1679 240 1734 lebore
252 1691 278 1734 et
291 1683 407 1752 periculo
419 1683 611 1738 coniectorum.

186 1756 226 1804 45.
246 1751 333 1804 Multa
345 1752 379 1805 ab
392 1753 506 1805 Ceessre
518 1753 542 1806 in
560 1771 622 1806 earn
641 1753 810 1807 sententism'
820 1753 891 1806 dicte
903 1759 973 1821 sunt,
986 1768 1068 1821 quere
1133 1757 1134 1818 ᾗ

149 1821 256 1888 negotio
279 1820 407 1874 desistere
427 1838 479 1876 non
499 1833 596 1893 posset,
612 1831 644 1876 et
664 1839 751 1892 neque
772 1839 848 1876 suern
870 1837 958 1892 neque
979 1821 1068 1891 populi
1133 1825 1134 1852 ³

150 1888 261 1942 Romani
278 1890 498 1944 consuetudinem
510 1893 573 1964 peti,
586 1893 624 1945 uti
643 1891 743 1962 optime
761 1892 870 1944 meritos
888 1891 974 1944 socios
991 1891 1068 1944 dese·
1133 1907 1134 1910 ’

150 1967 227 2026 reret,
241 1975 328 2028 neque
347 1977 376 2012 se
394 1959 513 2032 judicare
529 1962 644 2015 Gelliam
659 1962 747 2032 potius
764 1977 825 2014 esse
837 1961 972 2030 Ariovisti,
986 1977 1068 2030 quern
1133 1967 1134 2030 l

184 2025 239 2096 puli
252 2029 372 2081 Romanii.
408 2029 482 2084 Bello
497 2040 634 2101 superatos
651 2047 711 2084 esse
722 2032 855 2085 Arvernos
866 2040 892 2082 et
904 2029 1024 2084 Rutenos
1034 2029 1069 2084 ab
1133 2053 1134 2076 r

150 2043 183 2156 gi
197 2097 277 2151 Fabio
290 2099 428 2170 Maximo,⁴
439 2099 536 2170 quibus
551 2100 663 2171 populus
673 2102 809 2155 Romanus
821 2099 965 2178 ignotisset
978 2115 1066 2169 neque
1133 2111 1134 2162 t

150 2168 176 2220 in
189 2169 351 2236 provinciam
364 2171 511 2240 redegisset
522 2185 611 2242 neque
624 2170 784 2240 stipendium
797 2171 965 2239 inposuisset.
990 2167 1067 2226 Quod

150 2237 174 2288 si
191 2238 408 2308 antiquissimum
423 2241 548 2312 qnodque
567 2250 672 2310 ternpus
690 2241 803 2308 spectari
821 2247 959 2308 oporteret,
978 2237 1068 2307 populi

149 2305 260 2362 Romani
283 2308 456 2365 'nstissimum
479 2328 540 2365 esse
561 2312 586 2364 in
606 2309 693 2364 Gellia
712 2309 867 2380 imperium:
893 2308 915 2360 si
934 2306 1068 2377 judieium

150 2387 259 2430 senatus
266 2327 399 2434 observari
407 2389 544 2451 oporteret,
555 2381 666 2436 liberem
674 2379 773 2432 debere
782 2395 842 2432 esse
849 2377 973 2447 Gellisrn,
984 2393 1067 2447 quent

148 2445 220 2499 bello
233 2449 330 2501 victern
344 2450 400 2503 suis
411 2450 565 2519 legibusnti
577 2449 714 2504 voluisset.

184 2521 227 2570 46.
248 2517 317 2572 Dum
339 2518 408 2573 haec
431 2521 457 2572 in
481 2519 611 2590 colloquio
629 2527 763 2588 geruntur,
785 2517 892 2571 Ceessri
915 2515 1068 2570 nuntiatum

149 2595 190 2639 est
202 2589 306 2656 equites
317 2589 442 2643 Ariovisti
455 2590 562 2712 propius
575 2589 708 2642 tumulum
726 2587 856 2640 accedere
873 2595 901 2638 et
918 2587 951 2638 erl
964 2597 1067 2640 nostres
1133 2625 1134 2634 ,

149 2654 311 2728 adequitare,
320 2659 454 2728 lapideste
481 2657 823 2729 queinnostrosoonjicere
836 2654 1066 2723 Caesarloquendi

148 2723 230 2779 linem
241 2726 306 2780 fecit
321 2736 404 2798 seque
419 2728 453 2781 sd
471 2746 533 2782 suos
550 2728 651 2797 recepit
666 2726 774 2795 suisque
787 2724 934 2794 imperavit,
947 2723 1065 2794 nequod
1133 2723 1134 2726 ’

177 2929 273 2979 ¹Hcmc
290 2931 411 2988 Gellium,¹
434 2931 486 2982 thet
502 2930 531 2988 is,
550 2935 609 2980 lenc
627 2929 721 2989 Gollrbe
737 2937 836 2993 portem
873 2927 920 2976 See
938 2927 1006 2988 obep.
1025 2931 1062 2984 22,
1133 2931 1134 2960 ³

147 2999 204 3038 note
214 2991 236 3038 3.

175 3062 324 3120 'dsuetum
341 3063 447 3124 nemely‚
465 3063 502 3112 for
515 3063 557 3110 tlte
574 3063 665 3121 Aedui,
684 3061 776 3124 though
793 3061 811 3110 it
828 3075 885 3122 mey
902 3059 954 3129 also
970 3061 1002 3108 be
1023 3059 1063 3109 the

147 3121 278 3182 liiendship
289 3121 383 3184 alleged
394 3132 419 3171 to
429 3123 492 3171 exist
503 3124 615 3171 between
625 3122 667 3171 the
679 3121 788 3171 Romans
799 3120 846 3169 end
856 3120 1004 3168 Ariovistus.

174 3194 223 3243 ’In
234 3197 441 3254 sentententiam,
456 3200 495 3244 ‘to
506 3195 555 3244 this
564 3193 656 3252 effect‚'
669 3211 696 3244 or
709 3200 750 3242 ‘to
759 3193 829 3242 show
840 3193 878 3242 luis
889 3192 1002 3253 opinion!

175 3267 185 3294 ⁴
199 3263 233 3322 Q.
245 3267 336 3316 Fabius
351 3268 475 3317 Maximus
489 3283 540 3316 wes
555 3267 640 3316 consul
654 3267 678 3315 in
692 3282 716 3315 e.
731 3281 752 3315 c.
768 3270 819 3324 121,
834 3265 881 3314 end
897 3265 923 3314 iu
937 3265 990 3314 thet
1006 3279 1062 3325 yser

146 3322 230 3386 fought
246 3327 339 3387 eg'einst
358 3327 400 3376 tlrs
417 3326 572 3388 Allobroges,
590 3326 704 3383 Arverni,
724 3325 772 3374 eud
793 3324 893 3382 Ruteni,
913 3323 974 3373 with
994 3334 1061 3386 great

146 3397 252 3432 ΙΙΙθθΘΙΙ.
