2268 3786
152 287 192 350 at
457 303 617 348 oc‘assso
635 303 770 346 ossuco.

188 421 214 470 t.
233 415 263 470 ln
275 413 372 470 ecdem
384 415 475 468 ocusa²
483 412 589 468 luerunt
597 413 644 468 Usi
683 423 723 467 tes
734 422 762 466 et
774 413 906 481 Tencteri,
916 429 985 484 quos
997 429 1082 484 supra

153 485 280 555 diximus,
300 486 344 554 qui
367 483 518 554 complures
537 500 620 537 orrnos
657 499 785 538 uevorum
804 484 860 537 vim
880 483 1081 551 sustinemur,

154 556 189 609 ad
201 565 352 608 extremum
369 564 458 608 tamen
508 554 543 606 ris
560 553 663 624 expulsi
681 563 709 606 et
726 553 818 607 multis
836 553 902 606 locis
913 555 1081 606 Germaniae

155 625 298 678 triennium
320 625 409 694 vagati
432 623 467 676 ad
533 639 613 676 enurn
642 633 835 693 pervenerunt:
862 639 932 692 quas
956 624 1082 691 regiones

155 695 275 764 Menapii
303 693 452 748 incolebant
476 703 503 745 et
525 692 560 746 ad
585 701 724 763 utramque
745 693 830 762 ripam
853 692 975 746 fluminis
992 709 1080 756 agros,

155 764 278 818 aedificia
295 765 421 833 vicosque
440 761 662 832 habebant30tsed
687 772 777 816 tantae
800 761 982 816 multitudinis
1005 761 1083 814 aditu

156 835 284 906 perterriti
307 851 341 888 ex
369 833 411 886 his
435 831 572 901 aedificiis,
596 849 666 902 quse
689 841 762 886 trans
789 832 889 886 flumen
919 831 1081 899 habuerant,

155 903 371 984 demigraverunt
387 911 414 956 et
432 903 471 956 eis
482 901 605 956 Rhenum
623 901 756 972 dispositis
772 901 913 972 praesidiis
930 902 1099 992 Germanos⁴1⁸
1117 951 1127 964 ,

156 983 266 1028 transire
291 971 474 1044 prohibebant.
521 971 570 1040 llli,
597 973 688 1025 omnia
713 972 822 1042 experti,
848 988 913 1026 oum
938 987 1030 1041 neque
1055 988 1082 1023 vr

156 1043 316 1096 contendere
328 1053 434 1111 propter
446 1043 564 1112 inopiam
576 1042 685 1095 navium
697 1057 785 1111 neque
797 1041 868 1095 olam
880 1042 993 1094 transire
1005 1058 1082 1112 prop-

157 1122 197 1165 ter
208 1111 343 1165 custodias
354 1112 541 1181 Menapiorum
553 1120 668 1192 possent,
682 1111 777 1164 reverti
790 1128 820 1164 se
831 1112 858 1164 in
870 1129 935 1164 suas
947 1110 1030 1164 sedes
1043 1128 1081 1164 re·

155 1182 302 1251 gionesque
323 1181 523 1250 simulaverunt,
542 1191 569 1234 et
589 1180 668 1234 tridui
685 1181 757 1235 viam
777 1183 913 1252 progressi·
929 1193 1023 1234 rursus
1042 1197 1082 1234 re·

157 1259 291 1304 verterunt
302 1260 384 1322 atque
395 1254 466 1305 omni
481 1251 531 1304 hoo
548 1251 644 1304 itinere
657 1267 710 1304 una
727 1259 805 1304 nocte
817 1252 938 1320 equitatu
957 1251 1081 1304 confecto

157 1321 256 1374 inscios
278 1321 322 1374 ino
343 1323 499 1390 inantesque
518 1321 661 1391 Menapios
679 1329 873 1391 oppresserunt,
893 1319 995 1391 quide
1015 1322 1082 1376 Ger·

156 1398 295 1444 manorum
332 1392 432 1444 isoessu
446 1407 493 1460 per
510 1391 688 1461 exploratores
705 1391 831 1444 certiores
848 1390 911 1444 lacti
927 1390 988 1444 sine
1006 1400 1082 1447 metu

156 1469 228 1515 trans
246 1461 370 1515 Rhenum
388 1461 414 1515 in
428 1475 497 1514 vsiuns
517 1461 590 1514 vicos
609 1459 825 1529 remigraverunt.
866 1461 914 1513 His
933 1460 1082 1514 interiectis

157 1531 324 1601 navibusque
337 1547 430 1584 eorum
441 1531 586 1601 occupatis,
596 1529 752 1600 priusquam
764 1547 797 1583 ea
808 1545 870 1599 pars
881 1529 1080 1600 Menapiorum,

175 1617 225 1654 uae
238 1603 304 1654 citra
316 1601 440 1654 Rhenum
452 1600 544 1670 quiete
561 1603 588 1654 in
606 1600 663 1653 suis
680 1599 791 1654 sedibus
807 1608 872 1668 erat,
884 1600 983 1653 certior
995 1600 1079 1668 fieret,

155 1617 257 1724 damen
270 1671 429 1724 transierunt
447 1679 528 1739 atque
546 1669 670 1724 omnibus
687 1685 779 1722 eorum
793 1669 925 1722 aedificiis
942 1671 1081 1740 occupatis

157 1739 287 1810 reliquam
299 1750 402 1810 partem
416 1739 512 1793 hiemis
524 1755 659 1794 saeorum
671 1739 754 1808 copiis
764 1738 897 1792 aluerunt.
929 1755 957 1808 ,q

191 1815 214 1863 5.
239 1810 288 1862 His
316 1810 351 1862 de
382 1808 462 1863 rebus
487 1810 586 1863 Caesar
614 1808 709 1862 certior
737 1807 823 1863 lactus
846 1819 873 1862 et
897 1809 1081 1863 infirmitatem

155 1879 294 1934 Gallorum
317 1879 424 1949 veritus,
446 1879 517 1949 quod
540 1880 646 1932 suntin
666 1878 784 1932 consiliis
806 1877 1088 1950 capiendislmcbilea-

155 1958 183 2002 et
202 1949 276 2001 noris
296 1947 453 2018 plemmque'
472 1949 552 2003 rebus
571 1949 686 2016 student,
699 1947 764 2001 nihil
785 1947 828 2002 his
847 1949 1082 2002 committendum’

155 2019 327 2071 existimavit.
365 2019 412 2072 Est
435 2027 527 2072 autem
551 2018 602 2072 hoc
621 2017 743 2072 Gallicae
762 2019 971 2088 consuetudinis,
994 2019 1033 2072 uti
1053 2027 1080 2071 et

156 2088 269 2141 viatores
293 2087 377 2142 etiarn
406 2089 503 2142 invitos
530 2089 675 2142 consistere
702 2097 798 2156 cogant
812 2073 848 2142 'ht
871 2087 940 2158 quod
965 2089 1080 2158 quisque

154 2173 245 2210 eorum
269 2157 303 2210 de
326 2174 432 2228 quaque
456 2175 484 2212 re
507 2159 619 2212 audierit
642 2167 688 2212 aut
711 2159 870 2229 cognoverit,
891 2167 1028 2239 quaerant,
1053 2168 1080 2211 et

155 2235 316 2280 mercatores
344 2227 369 2280 in
399 2227 503 2298 oppidis
533 2228 628 2296 vulgus
656 2228 834 2282 circumsistat
862 2227 1015 2298 quibusque
1046 2246 1081 2282 ex

155 2297 305 2366 regionibus
323 2299 431 2350 veniant
450 2314 572 2368 quasque
593 2297 628 2351 ibi
649 2315 692 2351 res
711 2298 889 2378 cognoverint,
909 2299 1079 2368 pronuntiare

154 2377 259 2436 cogent.
303 2367 352 2420 His
372 2367 452 2420 rebus
471 2376 554 2436 atque
574 2367 753 2422 auditionibus
772 2377 886 2448 permoti
910 2365 945 2419 de
964 2368 1080 2422 summis

155 2453 236 2507 saepe
249 2435 328 2490 rebus
345 2437 456 2492 consilia
474 2437 572 2505 ineunt,
585 2453 699 2506 quorum
714 2454 760 2490 eos
778 2456 804 2492 rn
817 2437 928 2507 vestigio
941 2437 1079 2506 poenitere

154 2523 267 2560 necesse
285 2517 333 2577 est,
347 2525 410 2561 eum
429 2507 536 2560 incertis
555 2506 704 2560 rumoribus
722 2507 848 2561 serviant¹
859 2517 886 2560 et
903 2505 1024 2578 plerique
1042 2507 1078 2562 ad

151 2576 319 2632 ‚voluntatem
331 2593 424 2631 eorum
436 2576 498 2630 licta
511 2575 695 2646 respondeant.
711 2599 741 2647 χΔ

189 2651 213 2700 6.
241 2647 300 2706 Qua
331 2647 523 2700 consuetudine
550 2647 655 2714 cognita
678 2646 783 2718 Caesar,
806 2663 842 2716 rie
868 2645 981 2715 graviori
1005 2645 1077 2700 ballo

153 2717 321 2785 occurreret,‘
343 2716 480 2785 maturius,
506 2732 590 2786 quam
615 2725 764 2787 consuerat,
787 2716 822 2770 ad
846 2717 996 2770 exercitum
1017 2733 1076 2786 pro·

182 2907 281 2956 ¹0aura
300 2906 357 2956 here
376 2907 397 2955 is
416 2905 458 2954 the
477 2921 543 2956 same
560 2921 587 2955 aa
605 2908 715 2964 conditio,
731 2906 770 2954 ‘in
785 2905 827 2956 the
844 2921 912 2956 same
929 2905 1073 2963 conditiou,'

151 2967 256 3028 namely,
270 2983 297 3014 as
308 2966 349 3014 the
361 2965 427 3014 Ubii.

151 3042 189 3148 ψ’
199 3039 306 3148 Thatdis,
320 3049 361 3088 not
373 3049 399 3087 to
410 3039 478 3088 leave
494 3049 520 3087 to
536 3038 604 3088 thern
620 3040 662 3088 the
678 3048 848 3101 management
859 3038 889 3088 ol
898 3037 940 3088 the
952 3053 1003 3088 war
1013 3039 1074 3088 with

178 3116 258 3149 ernvc
275 3115 322 3148 ers.

179 3175 263 3281 'Tpat
290 3175 320 3232 is,
343 3190 370 3223 cs
395 3173 455 3234 they
476 3173 547 3223 acted
572 3175 597 3222 in
621 3171 712 3234 perfect
733 3173 837 3224 reliauce
858 3187 890 3222 cn
910 3172 972 3224 such
992 3187 1073 3235 vagire

150 3249 220 3294 repor
232 3251 252 3282 s.

179 3310 187 3336 ⁴
201 3306 326 3356 occurrere
336 3307 356 3356 ia
367 3307 425 3356 here
435 3306 477 3356 the
488 3321 555 3356 same
566 3321 594 3356 as
604 3309 715 3364 tecum,
730 3311 737 3334 ⁴
746 3317 771 3356 to
781 3308 881 3356 become
893 3305 1023 3356 involved!
