<?xml version="1.0" encoding="UTF-8"?>
<!DOCTYPE html PUBLIC "-//W3C//DTD XHTML 1.0 Transitional//EN"
    "http://www.w3.org/TR/xhtml1/DTD/xhtml1-transitional.dtd">
<html xmlns="http://www.w3.org/1999/xhtml" xml:lang="en" lang="en">
 <head>
  <title>
</title>
<meta http-equiv="Content-Type" content="text/html;charset=utf-8" />
  <meta name='ocr-system' content='tesseract 3.04.00' />
  <meta name='ocr-capabilities' content='ocr_page ocr_carea ocr_par ocr_line ocrx_word'/>
</head>
<body>
  <div class='ocr_page' id='page_1' title='image "./cjuliicaesarisc00zumpgoog_0049.png"; bbox 0 0 2304 3792; ppageno 0'>
   <div class='ocr_carea' id='block_1_1' title="bbox 123 285 740 350">
    <p class='ocr_par' dir='ltr' id='par_1_1' title="bbox 123 285 740 350">
     <span class='ocr_line' id='line_1_1' title="bbox 123 285 740 350; baseline -0.003 -2"><span class='ocrx_word' id='word_1_1' title='bbox 123 285 164 348; x_wconf 85' lang='lat' dir='ltr'>at</span> <span class='ocrx_word' id='word_1_2' title='bbox 423 301 465 346; x_wconf 78' lang='lat' dir='ltr'>uu</span> <span class='ocrx_word' id='word_1_3' title='bbox 485 303 583 346; x_wconf 75' lang='lat' dir='ltr'>aeaco</span> <span class='ocrx_word' id='word_1_4' title='bbox 603 301 740 350; x_wconf 68' lang='lat' dir='ltr'>amuco.</span> 
     </span>
    </p>
   </div>
   <div class='ocr_carea' id='block_1_2' title="bbox 116 409 1138 2360">
    <p class='ocr_par' dir='ltr' id='par_1_2' title="bbox 116 409 1138 2152">
     <span class='ocr_line' id='line_1_2' title="bbox 124 409 1064 486; baseline -0.002 -16"><span class='ocrx_word' id='word_1_5' title='bbox 124 413 235 470; x_wconf 86' lang='lat' dir='ltr'>liberius</span> <span class='ocrx_word' id='word_1_6' title='bbox 252 421 334 483; x_wconf 87' lang='lat' dir='ltr'>atque</span> <span class='ocrx_word' id='word_1_7' title='bbox 350 412 488 466; x_wconf 84' lang='lat' dir='ltr'>audacius.</span> <span class='ocrx_word' id='word_1_8' title='bbox 526 411 630 466; x_wconf 84' lang='lat' dir='ltr'>Eadem</span> <span class='ocrx_word' id='word_1_9' title='bbox 655 421 757 466; x_wconf 88' lang='lat' dir='ltr'>secreto</span> <span class='ocrx_word' id='word_1_10' title='bbox 781 413 816 468; x_wconf 88' lang='lat' dir='ltr'>ab</span> <span class='ocrx_word' id='word_1_11' title='bbox 840 413 900 467; x_wconf 85' lang='lat' dir='ltr'>aliis</span> <span class='ocrx_word' id='word_1_12' title='bbox 924 409 1064 486; x_wconf 62' lang='lat' dir='ltr'>quaerit}</span> 
     </span>
     <span class='ocr_line' id='line_1_3' title="bbox 124 483 1062 554; baseline -0.002 -16"><span class='ocrx_word' id='word_1_13' title='bbox 124 484 220 554; x_wconf 88' lang='lat' dir='ltr'>reperit</span> <span class='ocrx_word' id='word_1_14' title='bbox 239 501 299 536; x_wconf 85' lang='lat' dir='ltr'>esse</span> <span class='ocrx_word' id='word_1_15' title='bbox 312 499 388 536; x_wconf 83' lang='lat' dir='ltr'>vera:</span> <span class='ocrx_word' id='word_1_16' title='bbox 408 484 495 552; x_wconf 90' lang='lat' dir='ltr'>ipsum</span> <span class='ocrx_word' id='word_1_17' title='bbox 514 499 575 535; x_wconf 85' lang='lat' dir='ltr'>esse</span> <span class='ocrx_word' id='word_1_18' title='bbox 587 483 785 554; x_wconf 83' lang='lat' dir='ltr'>Dumnorigem,</span> <span class='ocrx_word' id='word_1_19' title='bbox 800 500 906 537; x_wconf 84' lang='lat' dir='ltr'>summa</span> <span class='ocrx_word' id='word_1_20' title='bbox 924 485 1062 553; x_wconf 85' lang='lat' dir='ltr'>audacia,</span> 
     </span>
     <span class='ocr_line' id='line_1_4' title="bbox 124 551 1065 623; baseline 0 -15"><span class='ocrx_word' id='word_1_21' title='bbox 124 569 222 622; x_wconf 82' lang='lat' dir='ltr'>magna</span> <span class='ocrx_word' id='word_1_22' title='bbox 246 553 317 622; x_wconf 88' lang='lat' dir='ltr'>apud</span> <span class='ocrx_word' id='word_1_23' title='bbox 340 552 448 622; x_wconf 82' lang='lat' dir='ltr'>plebem</span> <span class='ocrx_word' id='word_1_24' title='bbox 473 561 577 622; x_wconf 87' lang='lat' dir='ltr'>pmpter</span> <span class='ocrx_word' id='word_1_25' title='bbox 595 551 782 607; x_wconf 80' lang='lat' dir='ltr'>liberalitatem</span> <span class='ocrx_word' id='word_1_26' title='bbox 854 557 897 622; x_wconf 89' lang='lat' dir='ltr'>tia,</span> <span class='ocrx_word' id='word_1_27' title='bbox 917 555 1065 623; x_wconf 90' lang='lat' dir='ltr'>cupidum</span> 
     </span>
     <span class='ocr_line' id='line_1_5' title="bbox 125 622 1065 693; baseline 0 -17"><span class='ocrx_word' id='word_1_28' title='bbox 125 639 212 676; x_wconf 89' lang='lat' dir='ltr'>rerum</span> <span class='ocrx_word' id='word_1_29' title='bbox 226 638 368 676; x_wconf 85' lang='lat' dir='ltr'>novarum:</span> <span class='ocrx_word' id='word_1_30' title='bbox 387 622 538 692; x_wconf 77' lang='lat' dir='ltr'>complures</span> <span class='ocrx_word' id='word_1_31' title='bbox 549 639 632 675; x_wconf 90' lang='lat' dir='ltr'>annos</span> <span class='ocrx_word' id='word_1_32' title='bbox 651 623 763 693; x_wconf 90' lang='lat' dir='ltr'>portoria</span> <span class='ocrx_word' id='word_1_33' title='bbox 783 639 810 674; x_wconf 89' lang='lat' dir='ltr'>re</span> <span class='ocrx_word' id='word_1_34' title='bbox 822 623 938 692; x_wconf 89' lang='lat' dir='ltr'>iquaque</span> <span class='ocrx_word' id='word_1_35' title='bbox 956 625 1065 676; x_wconf 86' lang='lat' dir='ltr'>omnia</span> 
     </span>
     <span class='ocr_line' id='line_1_6' title="bbox 125 691 1109 764; baseline 0 -18"><span class='ocrx_word' id='word_1_36' title='bbox 125 692 280 746; x_wconf 81' lang='lat' dir='ltr'>Aeduorum</span> <span class='ocrx_word' id='word_1_37' title='bbox 294 692 433 760; x_wconf 83' lang='lat' dir='ltr'>vectigalia</span> <span class='ocrx_word' id='word_1_38' title='bbox 444 709 524 762; x_wconf 81' lang='lat' dir='ltr'>parvo</span> <span class='ocrx_word' id='word_1_39' title='bbox 536 693 618 762; x_wconf 88' lang='lat' dir='ltr'>pretio</span> <span class='ocrx_word' id='word_1_40' title='bbox 637 692 775 762; x_wconf 90' lang='lat' dir='ltr'>redempta</span> <span class='ocrx_word' id='word_1_41' title='bbox 787 691 894 762; x_wconf 86' lang='lat' dir='ltr'>hebere,</span> <span class='ocrx_word' id='word_1_42' title='bbox 908 701 1066 762; x_wconf 86' lang='lat' dir='ltr'>propterea</span> <span class='ocrx_word' id='word_1_43' title='bbox 1105 751 1109 764; x_wconf 52' lang='grc'>,</span> 
     </span>
     <span class='ocr_line' id='line_1_7' title="bbox 125 756 1064 832; baseline 0.002 -18"><span class='ocrx_word' id='word_1_44' title='bbox 125 762 196 832; x_wconf 90' lang='lat' dir='ltr'>quod</span> <span class='ocrx_word' id='word_1_45' title='bbox 209 762 253 814; x_wconf 96' lang='lat' dir='ltr'>illo</span> <span class='ocrx_word' id='word_1_46' title='bbox 265 762 362 814; x_wconf 82' lang='lat' dir='ltr'>licente</span> <span class='ocrx_word' id='word_1_47' title='bbox 374 772 464 814; x_wconf 87' lang='lat' dir='ltr'>contra</span> <span class='ocrx_word' id='word_1_48' title='bbox 475 756 549 815; x_wconf 90' lang='lat' dir='ltr'>liceri</span> <span class='ocrx_word' id='word_1_49' title='bbox 561 761 659 814; x_wconf 80' lang='lat' dir='ltr'>audeat</span> <span class='ocrx_word' id='word_1_50' title='bbox 672 779 760 815; x_wconf 86' lang='lat' dir='ltr'>nemo.</span> <span class='ocrx_word' id='word_1_51' title='bbox 779 761 827 814; x_wconf 90' lang='lat' dir='ltr'>His</span> <span class='ocrx_word' id='word_1_52' title='bbox 839 762 918 814; x_wconf 89' lang='lat' dir='ltr'>rebus</span> <span class='ocrx_word' id='word_1_53' title='bbox 931 771 958 814; x_wconf 90' lang='lat' dir='ltr'>et</span> <span class='ocrx_word' id='word_1_54' title='bbox 970 779 1064 816; x_wconf 83' lang='lat' dir='ltr'>suam</span> 
     </span>
     <span class='ocr_line' id='line_1_8' title="bbox 116 830 1065 902; baseline 0.001 -17"><span class='ocrx_word' id='word_1_55' title='bbox 116 847 184 896; x_wconf 68' lang='lat' dir='ltr'>,rem</span> <span class='ocrx_word' id='word_1_56' title='bbox 196 831 354 884; x_wconf 79' lang='lat' dir='ltr'>familiarem</span> <span class='ocrx_word' id='word_1_57' title='bbox 366 832 474 884; x_wconf 78' lang='lat' dir='ltr'>auxisse</span> <span class='ocrx_word' id='word_1_58' title='bbox 492 839 520 884; x_wconf 85' lang='lat' dir='ltr'>et</span> <span class='ocrx_word' id='word_1_59' title='bbox 538 830 680 885; x_wconf 81' lang='lat' dir='ltr'>facultates</span> <span class='ocrx_word' id='word_1_60' title='bbox 698 833 732 884; x_wconf 91' lang='lat' dir='ltr'>ad</span> <span class='ocrx_word' id='word_1_61' title='bbox 751 831 916 901; x_wconf 85' lang='lat' dir='ltr'>largiendum</span> <span class='ocrx_word' id='word_1_62' title='bbox 935 849 1065 902; x_wconf 82' lang='lat' dir='ltr'>magnas</span> 
     </span>
     <span class='ocr_line' id='line_1_9' title="bbox 126 900 1065 972; baseline -0.002 -16"><span class='ocrx_word' id='word_1_63' title='bbox 126 917 295 972; x_wconf 86' lang='lat' dir='ltr'>comparasse</span> <span class='ocrx_word' id='word_1_64' title='bbox 302 917 309 970; x_wconf 81' lang='lat'><em>3</em></span> <span class='ocrx_word' id='word_1_65' title='bbox 327 917 454 969; x_wconf 85' lang='lat' dir='ltr'>magnum</span> <span class='ocrx_word' id='word_1_66' title='bbox 465 916 606 954; x_wconf 88' lang='lat' dir='ltr'>numerum</span> <span class='ocrx_word' id='word_1_67' title='bbox 615 903 750 971; x_wconf 77' lang='lat' dir='ltr'>equitatus</span> <span class='ocrx_word' id='word_1_68' title='bbox 762 918 810 954; x_wconf 89' lang='lat' dir='ltr'>suo</span> <span class='ocrx_word' id='word_1_69' title='bbox 822 910 930 971; x_wconf 89' lang='lat' dir='ltr'>sumptu</span> <span class='ocrx_word' id='word_1_70' title='bbox 940 900 1065 972; x_wconf 81' lang='lat' dir='ltr'>semper</span> 
     </span>
     <span class='ocr_line' id='line_1_10' title="bbox 126 969 1062 1041; baseline 0 -17"><span class='ocrx_word' id='word_1_71' title='bbox 126 971 199 1028; x_wconf 86' lang='lat' dir='ltr'>alere</span> <span class='ocrx_word' id='word_1_72' title='bbox 211 979 238 1024; x_wconf 90' lang='lat' dir='ltr'>et</span> <span class='ocrx_word' id='word_1_73' title='bbox 250 973 351 1024; x_wconf 91' lang='lat' dir='ltr'>circum</span> <span class='ocrx_word' id='word_1_74' title='bbox 364 987 393 1022; x_wconf 87' lang='lat' dir='ltr'>se</span> <span class='ocrx_word' id='word_1_75' title='bbox 406 969 513 1039; x_wconf 85' lang='lat' dir='ltr'>babere,</span> <span class='ocrx_word' id='word_1_76' title='bbox 527 987 614 1040; x_wconf 91' lang='lat' dir='ltr'>neque</span> <span class='ocrx_word' id='word_1_77' title='bbox 627 971 713 1024; x_wconf 83' lang='lat' dir='ltr'>solum</span> <span class='ocrx_word' id='word_1_78' title='bbox 724 972 804 1040; x_wconf 89' lang='lat' dir='ltr'>domi,</span> <span class='ocrx_word' id='word_1_79' title='bbox 818 970 865 1024; x_wconf 87' lang='lat' dir='ltr'>sed</span> <span class='ocrx_word' id='word_1_80' title='bbox 878 971 962 1024; x_wconf 91' lang='lat' dir='ltr'>etiam</span> <span class='ocrx_word' id='word_1_81' title='bbox 974 971 1062 1041; x_wconf 90' lang='lat' dir='ltr'>apud</span> 
     </span>
     <span class='ocr_line' id='line_1_11' title="bbox 126 1039 1064 1112; baseline 0 -18"><span class='ocrx_word' id='word_1_82' title='bbox 126 1041 253 1094; x_wconf 85' lang='lat' dir='ltr'>finitimas</span> <span class='ocrx_word' id='word_1_83' title='bbox 264 1041 388 1094; x_wconf 87' lang='lat' dir='ltr'>civitates</span> <span class='ocrx_word' id='word_1_84' title='bbox 400 1039 505 1108; x_wconf 82' lang='lat' dir='ltr'>largiter</span> <span class='ocrx_word' id='word_1_85' title='bbox 517 1042 605 1109; x_wconf 84' lang='lat' dir='ltr'>posse¹</span> <span class='ocrx_word' id='word_1_86' title='bbox 616 1050 697 1110; x_wconf 85' lang='lat' dir='ltr'>atque</span> <span class='ocrx_word' id='word_1_87' title='bbox 713 1040 792 1110; x_wconf 88' lang='lat' dir='ltr'>hujus</span> <span class='ocrx_word' id='word_1_88' title='bbox 808 1041 953 1112; x_wconf 82' lang='lat' dir='ltr'>potentiae¹</span> <span class='ocrx_word' id='word_1_89' title='bbox 966 1057 1064 1094; x_wconf 82' lang='lat' dir='ltr'>causa</span> 
     </span>
     <span class='ocr_line' id='line_1_12' title="bbox 126 1109 1063 1180; baseline -0.002 -16"><span class='ocrx_word' id='word_1_90' title='bbox 126 1119 240 1164; x_wconf 82' lang='lat' dir='ltr'>matrem</span> <span class='ocrx_word' id='word_1_91' title='bbox 254 1113 281 1164; x_wconf 87' lang='lat' dir='ltr'>in</span> <span class='ocrx_word' id='word_1_92' title='bbox 293 1109 455 1178; x_wconf 84' lang='lat' dir='ltr'>Biturigibus</span> <span class='ocrx_word' id='word_1_93' title='bbox 467 1109 566 1162; x_wconf 91' lang='lat' dir='ltr'>homini</span> <span class='ocrx_word' id='word_1_94' title='bbox 579 1109 633 1163; x_wconf 89' lang='lat' dir='ltr'>illic</span> <span class='ocrx_word' id='word_1_95' title='bbox 645 1109 809 1164; x_wconf 87' lang='lat' dir='ltr'>nobilissimo</span> <span class='ocrx_word' id='word_1_96' title='bbox 819 1127 851 1163; x_wconf 88' lang='lat' dir='ltr'>ac</span> <span class='ocrx_word' id='word_1_97' title='bbox 863 1110 1063 1180; x_wconf 87' lang='lat' dir='ltr'>potentissimo</span> 
     </span>
     <span class='ocr_line' id='line_1_13' title="bbox 125 1179 1063 1249; baseline 0 -17"><span class='ocrx_word' id='word_1_98' title='bbox 125 1180 278 1249; x_wconf 87' lang='lat' dir='ltr'>collocasse,</span> <span class='ocrx_word' id='word_1_99' title='bbox 299 1183 386 1248; x_wconf 86' lang='lat' dir='ltr'>ipsum</span> <span class='ocrx_word' id='word_1_100' title='bbox 410 1197 444 1232; x_wconf 83' lang='lat' dir='ltr'>err</span> <span class='ocrx_word' id='word_1_101' title='bbox 463 1179 592 1232; x_wconf 88' lang='lat' dir='ltr'>Helvetiis</span> <span class='ocrx_word' id='word_1_102' title='bbox 618 1197 727 1233; x_wconf 80' lang='lat' dir='ltr'>uxorem</span> <span class='ocrx_word' id='word_1_103' title='bbox 752 1179 860 1248; x_wconf 83' lang='lat' dir='ltr'>habere,</span> <span class='ocrx_word' id='word_1_104' title='bbox 880 1197 997 1233; x_wconf 87' lang='lat' dir='ltr'>sororem</span> <span class='ocrx_word' id='word_1_105' title='bbox 1020 1196 1063 1233; x_wconf 87' lang='lat' dir='ltr'>ex</span> 
     </span>
     <span class='ocr_line' id='line_1_14' title="bbox 126 1249 1063 1319; baseline -0.002 -15"><span class='ocrx_word' id='word_1_106' title='bbox 126 1258 212 1304; x_wconf 87' lang='lat' dir='ltr'>matre</span> <span class='ocrx_word' id='word_1_107' title='bbox 225 1259 251 1302; x_wconf 90' lang='lat' dir='ltr'>et</span> <span class='ocrx_word' id='word_1_108' title='bbox 264 1249 423 1318; x_wconf 71' lang='lat' dir='ltr'>propinquae</span> <span class='ocrx_word' id='word_1_109' title='bbox 435 1265 498 1302; x_wconf 83' lang='lat' dir='ltr'>sues</span> <span class='ocrx_word' id='word_1_110' title='bbox 509 1258 622 1319; x_wconf 91' lang='lat' dir='ltr'>nuptum</span> <span class='ocrx_word' id='word_1_111' title='bbox 635 1249 660 1302; x_wconf 90' lang='lat' dir='ltr'>in</span> <span class='ocrx_word' id='word_1_112' title='bbox 673 1249 739 1302; x_wconf 85' lang='lat' dir='ltr'>alias</span> <span class='ocrx_word' id='word_1_113' title='bbox 751 1249 874 1302; x_wconf 77' lang='lat' dir='ltr'>civitates</span> <span class='ocrx_word' id='word_1_114' title='bbox 884 1249 1063 1302; x_wconf 76' lang='lat' dir='ltr'>collocasse.⁸</span> 
     </span>
     <span class='ocr_line' id='line_1_15' title="bbox 127 1317 1061 1388; baseline -0.001 -15"><span class='ocrx_word' id='word_1_115' title='bbox 127 1319 229 1374; x_wconf 83' lang='lat' dir='ltr'>Favere</span> <span class='ocrx_word' id='word_1_116' title='bbox 253 1329 280 1372; x_wconf 91' lang='lat' dir='ltr'>et</span> <span class='ocrx_word' id='word_1_117' title='bbox 303 1335 401 1388; x_wconf 89' lang='lat' dir='ltr'>cupere</span> <span class='ocrx_word' id='word_1_118' title='bbox 420 1319 549 1372; x_wconf 88' lang='lat' dir='ltr'>Helvetiis</span> <span class='ocrx_word' id='word_1_119' title='bbox 566 1329 671 1388; x_wconf 89' lang='lat' dir='ltr'>propter</span> <span class='ocrx_word' id='word_1_120' title='bbox 688 1335 747 1372; x_wconf 88' lang='lat' dir='ltr'>eam</span> <span class='ocrx_word' id='word_1_121' title='bbox 767 1318 940 1388; x_wconf 83' lang='lat' dir='ltr'>adfinitatem,</span> <span class='ocrx_word' id='word_1_122' title='bbox 959 1317 1061 1372; x_wconf 86' lang='lat' dir='ltr'>odisse</span> 
     </span>
     <span class='ocr_line' id='line_1_16' title="bbox 127 1387 1059 1458; baseline 0.002 -16"><span class='ocrx_word' id='word_1_123' title='bbox 127 1389 210 1442; x_wconf 81' lang='lat' dir='ltr'>etiem</span> <span class='ocrx_word' id='word_1_124' title='bbox 222 1405 270 1442; x_wconf 84' lang='lat' dir='ltr'>suo</span> <span class='ocrx_word' id='word_1_125' title='bbox 282 1389 398 1442; x_wconf 86' lang='lat' dir='ltr'>uomine⁴</span> <span class='ocrx_word' id='word_1_126' title='bbox 409 1389 551 1442; x_wconf 79' lang='lat' dir='ltr'>Caesarem</span> <span class='ocrx_word' id='word_1_127' title='bbox 561 1396 587 1440; x_wconf 95' lang='lat' dir='ltr'>et</span> <span class='ocrx_word' id='word_1_128' title='bbox 596 1389 733 1456; x_wconf 85' lang='lat' dir='ltr'>Romanos,</span> <span class='ocrx_word' id='word_1_129' title='bbox 746 1389 816 1458; x_wconf 91' lang='lat' dir='ltr'>quod</span> <span class='ocrx_word' id='word_1_130' title='bbox 826 1405 918 1440; x_wconf 90' lang='lat' dir='ltr'>eorum</span> <span class='ocrx_word' id='word_1_131' title='bbox 930 1387 1059 1444; x_wconf 87' lang='lat' dir='ltr'>adventu</span> 
     </span>
     <span class='ocr_line' id='line_1_17' title="bbox 128 1457 1057 1530; baseline 0.001 -19"><span class='ocrx_word' id='word_1_132' title='bbox 128 1459 245 1530; x_wconf 85' lang='lat' dir='ltr'>potentia</span> <span class='ocrx_word' id='word_1_133' title='bbox 258 1458 316 1529; x_wconf 86' lang='lat' dir='ltr'>ejus</span> <span class='ocrx_word' id='word_1_134' title='bbox 327 1458 465 1512; x_wconf 90' lang='lat' dir='ltr'>deminuta</span> <span class='ocrx_word' id='word_1_135' title='bbox 477 1465 504 1510; x_wconf 89' lang='lat' dir='ltr'>et</span> <span class='ocrx_word' id='word_1_136' title='bbox 517 1458 662 1512; x_wconf 87' lang='lat' dir='ltr'>Divitiacus</span> <span class='ocrx_word' id='word_1_137' title='bbox 674 1457 754 1510; x_wconf 81' lang='lat' dir='ltr'>frater</span> <span class='ocrx_word' id='word_1_138' title='bbox 765 1459 790 1510; x_wconf 90' lang='lat' dir='ltr'>in</span> <span class='ocrx_word' id='word_1_139' title='bbox 803 1458 857 1510; x_wconf 85' lang='lat' dir='ltr'>auti</span> <span class='ocrx_word' id='word_1_140' title='bbox 879 1475 943 1510; x_wconf 89' lang='lat' dir='ltr'>uum</span> <span class='ocrx_word' id='word_1_141' title='bbox 957 1457 1057 1512; x_wconf 88' lang='lat' dir='ltr'>locum</span> 
     </span>
     <span class='ocr_line' id='line_1_18' title="bbox 126 1474 1058 1598; baseline -0.002 -16"><span class='ocrx_word' id='word_1_142' title='bbox 126 1529 226 1598; x_wconf 81' lang='lat' dir='ltr'>gratiae</span> <span class='ocrx_word' id='word_1_143' title='bbox 238 1538 319 1598; x_wconf 87' lang='lat' dir='ltr'>atque</span> <span class='ocrx_word' id='word_1_144' title='bbox 332 1528 436 1580; x_wconf 89' lang='lat' dir='ltr'>honoris</span> <span class='ocrx_word' id='word_1_145' title='bbox 448 1529 481 1580; x_wconf 88' lang='lat' dir='ltr'>sit</span> <span class='ocrx_word' id='word_1_146' title='bbox 494 1527 639 1581; x_wconf 87' lang='lat' dir='ltr'>restitutus.</span> <span class='ocrx_word' id='word_1_147' title='bbox 675 1528 701 1581; x_wconf 87' lang='lat' dir='ltr'>Si</span> <span class='ocrx_word' id='word_1_148' title='bbox 714 1527 778 1597; x_wconf 93' lang='lat' dir='ltr'>quid</span> <span class='ocrx_word' id='word_1_149' title='bbox 797 1474 901 1580; x_wconf 71' lang='lat' dir='ltr'>accitiat</span> <span class='ocrx_word' id='word_1_150' title='bbox 914 1527 1058 1598; x_wconf 81' lang='lat' dir='ltr'>Romanis,</span> 
     </span>
     <span class='ocr_line' id='line_1_19' title="bbox 127 1597 1054 1668; baseline -0.002 -16"><span class='ocrx_word' id='word_1_151' title='bbox 127 1615 263 1652; x_wconf 86' lang='lat' dir='ltr'>summam</span> <span class='ocrx_word' id='word_1_152' title='bbox 284 1600 309 1651; x_wconf 92' lang='lat' dir='ltr'>in</span> <span class='ocrx_word' id='word_1_153' title='bbox 328 1615 403 1668; x_wconf 90' lang='lat' dir='ltr'>spem</span> <span class='ocrx_word' id='word_1_154' title='bbox 424 1615 470 1668; x_wconf 88' lang='lat' dir='ltr'>per</span> <span class='ocrx_word' id='word_1_155' title='bbox 482 1597 620 1650; x_wconf 87' lang='lat' dir='ltr'>Helvetios</span> <span class='ocrx_word' id='word_1_156' title='bbox 637 1598 710 1667; x_wconf 83' lang='lat' dir='ltr'>regni</span> <span class='ocrx_word' id='word_1_157' title='bbox 722 1597 858 1650; x_wconf 85' lang='lat' dir='ltr'>obtinendi</span> <span class='ocrx_word' id='word_1_158' title='bbox 872 1598 977 1650; x_wconf 83' lang='lat' dir='ltr'>venire:</span> <span class='ocrx_word' id='word_1_159' title='bbox 1000 1598 1054 1650; x_wconf 89' lang='lat' dir='ltr'>im-</span> 
     </span>
     <span class='ocr_line' id='line_1_20' title="bbox 128 1665 1057 1739; baseline -0.001 -19"><span class='ocrx_word' id='word_1_160' title='bbox 128 1671 201 1739; x_wconf 87' lang='lat' dir='ltr'>perio</span> <span class='ocrx_word' id='word_1_161' title='bbox 218 1668 307 1738; x_wconf 91' lang='lat' dir='ltr'>populi</span> <span class='ocrx_word' id='word_1_162' title='bbox 326 1667 438 1721; x_wconf 87' lang='lat' dir='ltr'>Romani</span> <span class='ocrx_word' id='word_1_163' title='bbox 456 1683 505 1719; x_wconf 91' lang='lat' dir='ltr'>non</span> <span class='ocrx_word' id='word_1_164' title='bbox 524 1667 604 1720; x_wconf 91' lang='lat' dir='ltr'>modo</span> <span class='ocrx_word' id='word_1_165' title='bbox 621 1666 656 1720; x_wconf 91' lang='lat' dir='ltr'>de</span> <span class='ocrx_word' id='word_1_166' title='bbox 674 1683 761 1736; x_wconf 78' lang='lat' dir='ltr'>regno,</span> <span class='ocrx_word' id='word_1_167' title='bbox 782 1666 829 1719; x_wconf 88' lang='lat' dir='ltr'>sed</span> <span class='ocrx_word' id='word_1_168' title='bbox 853 1667 935 1719; x_wconf 87' lang='lat' dir='ltr'>etiam</span> <span class='ocrx_word' id='word_1_169' title='bbox 953 1665 988 1718; x_wconf 90' lang='lat' dir='ltr'>de</span> <span class='ocrx_word' id='word_1_170' title='bbox 1010 1683 1057 1735; x_wconf 88' lang='lat' dir='ltr'>ea,</span> 
     </span>
     <span class='ocr_line' id='line_1_21' title="bbox 127 1735 1056 1808; baseline -0.003 -17"><span class='ocrx_word' id='word_1_171' title='bbox 127 1754 210 1808; x_wconf 90' lang='lat' dir='ltr'>quam</span> <span class='ocrx_word' id='word_1_172' title='bbox 229 1738 334 1806; x_wconf 88' lang='lat' dir='ltr'>habeat,</span> <span class='ocrx_word' id='word_1_173' title='bbox 354 1737 439 1804; x_wconf 86' lang='lat' dir='ltr'>gratia</span> <span class='ocrx_word' id='word_1_174' title='bbox 457 1735 608 1804; x_wconf 88' lang='lat' dir='ltr'>desperare.</span> <span class='ocrx_word' id='word_1_175' title='bbox 645 1735 803 1806; x_wconf 85' lang='lat' dir='ltr'>Reperiebat</span> <span class='ocrx_word' id='word_1_176' title='bbox 822 1736 904 1788; x_wconf 90' lang='lat' dir='ltr'>etiam</span> <span class='ocrx_word' id='word_1_177' title='bbox 923 1737 947 1788; x_wconf 90' lang='lat' dir='ltr'>in</span> <span class='ocrx_word' id='word_1_178' title='bbox 966 1751 1056 1804; x_wconf 89' lang='lat' dir='ltr'>quae·</span> 
     </span>
     <span class='ocr_line' id='line_1_22' title="bbox 127 1804 1057 1874; baseline -0.003 -13"><span class='ocrx_word' id='word_1_179' title='bbox 127 1807 209 1862; x_wconf 79' lang='lat' dir='ltr'>tendo</span> <span class='ocrx_word' id='word_1_180' title='bbox 227 1807 332 1873; x_wconf 78' lang='lat' dir='ltr'>Caesar,</span> <span class='ocrx_word' id='word_1_181' title='bbox 350 1805 420 1874; x_wconf 93' lang='lat' dir='ltr'>quod</span> <span class='ocrx_word' id='word_1_182' title='bbox 439 1805 568 1874; x_wconf 89' lang='lat' dir='ltr'>proelium</span> <span class='ocrx_word' id='word_1_183' title='bbox 587 1815 710 1874; x_wconf 81' lang='lat' dir='ltr'>equestre</span> <span class='ocrx_word' id='word_1_184' title='bbox 727 1804 870 1858; x_wconf 83' lang='lat' dir='ltr'>adversum</span> <span class='ocrx_word' id='word_1_185' title='bbox 918 1805 974 1858; x_wconf 90' lang='lat' dir='ltr'>ucis</span> <span class='ocrx_word' id='word_1_186' title='bbox 987 1815 1057 1858; x_wconf 89' lang='lat' dir='ltr'>ante</span> 
     </span>
     <span class='ocr_line' id='line_1_23' title="bbox 127 1873 1057 1944; baseline -0.004 -14"><span class='ocrx_word' id='word_1_187' title='bbox 127 1876 224 1930; x_wconf 90' lang='lat' dir='ltr'>diebus</span> <span class='ocrx_word' id='word_1_188' title='bbox 242 1884 311 1927; x_wconf 83' lang='lat' dir='ltr'>esset</span> <span class='ocrx_word' id='word_1_189' title='bbox 330 1874 439 1942; x_wconf 84' lang='lat' dir='ltr'>lactum,</span> <span class='ocrx_word' id='word_1_190' title='bbox 453 1875 554 1928; x_wconf 89' lang='lat' dir='ltr'>initium</span> <span class='ocrx_word' id='word_1_191' title='bbox 575 1874 634 1944; x_wconf 87' lang='lat' dir='ltr'>ejus</span> <span class='ocrx_word' id='word_1_192' title='bbox 645 1875 735 1943; x_wconf 76' lang='lat' dir='ltr'>fugae⁵</span> <span class='ocrx_word' id='word_1_193' title='bbox 747 1873 875 1927; x_wconf 84' lang='lat' dir='ltr'>lacturna</span> <span class='ocrx_word' id='word_1_194' title='bbox 913 1876 1057 1944; x_wconf 90' lang='lat' dir='ltr'>umnorige</span> 
     </span>
     <span class='ocr_line' id='line_1_24' title="bbox 127 1943 1138 2015; baseline -0.001 -17"><span class='ocrx_word' id='word_1_195' title='bbox 127 1954 209 2014; x_wconf 85' lang='lat' dir='ltr'>etque</span> <span class='ocrx_word' id='word_1_196' title='bbox 235 1943 295 2012; x_wconf 85' lang='lat' dir='ltr'>ejus</span> <span class='ocrx_word' id='word_1_197' title='bbox 318 1943 453 2012; x_wconf 89' lang='lat' dir='ltr'>equitibus</span> <span class='ocrx_word' id='word_1_198' title='bbox 471 1943 546 2015; x_wconf 87' lang='lat' dir='ltr'>(nam</span> <span class='ocrx_word' id='word_1_199' title='bbox 564 1945 701 2014; x_wconf 88' lang='lat' dir='ltr'>equitatui,</span> <span class='ocrx_word' id='word_1_200' title='bbox 721 1960 802 2014; x_wconf 88' lang='lat' dir='ltr'>quern</span> <span class='ocrx_word' id='word_1_201' title='bbox 827 1944 925 1996; x_wconf 86' lang='lat' dir='ltr'>auxilio</span> <span class='ocrx_word' id='word_1_202' title='bbox 943 1943 1057 1997; x_wconf 86' lang='lat' dir='ltr'>Caesari</span> <span class='ocrx_word' id='word_1_203' title='bbox 1137 1976 1138 2002; x_wconf 60' lang='lat' dir='ltr'>r</span> 
     </span>
     <span class='ocr_line' id='line_1_25' title="bbox 128 2005 1138 2085; baseline -0.001 -16"><span class='ocrx_word' id='word_1_204' title='bbox 128 2013 217 2070; x_wconf 87' lang='lat' dir='ltr'>Aedui</span> <span class='ocrx_word' id='word_1_205' title='bbox 235 2014 370 2082; x_wconf 86' lang='lat' dir='ltr'>miserant,</span> <span class='ocrx_word' id='word_1_206' title='bbox 391 2013 536 2066; x_wconf 89' lang='lat' dir='ltr'>Dumnorix</span> <span class='ocrx_word' id='word_1_207' title='bbox 554 2014 693 2085; x_wconf 85' lang='lat' dir='ltr'>praeerat),</span> <span class='ocrx_word' id='word_1_208' title='bbox 712 2030 803 2067; x_wconf 90' lang='lat' dir='ltr'>eorum</span> <span class='ocrx_word' id='word_1_209' title='bbox 828 2012 893 2082; x_wconf 84' lang='lat' dir='ltr'>luga</span> <span class='ocrx_word' id='word_1_210' title='bbox 918 2013 1055 2083; x_wconf 87' lang='lat' dir='ltr'>reliquum</span> <span class='ocrx_word' id='word_1_211' title='bbox 1137 2005 1138 2026; x_wconf 59' lang='lat'>¹</span> 
     </span>
     <span class='ocr_line' id='line_1_26' title="bbox 128 2083 539 2152; baseline -0.005 -15"><span class='ocrx_word' id='word_1_212' title='bbox 128 2099 190 2138; x_wconf 87' lang='lat' dir='ltr'>esse</span> <span class='ocrx_word' id='word_1_213' title='bbox 202 2099 218 2135; x_wconf 91' lang='lat' dir='ltr'>e</span> <span class='ocrx_word' id='word_1_214' title='bbox 238 2083 349 2135; x_wconf 86' lang='lat' dir='ltr'>uitatum</span> <span class='ocrx_word' id='word_1_215' title='bbox 361 2083 539 2152; x_wconf 86' lang='lat' dir='ltr'>perterritum.</span> 
     </span>
    </p>

    <p class='ocr_par' dir='ltr' id='par_1_3' title="bbox 128 2149 1138 2360">
     <span class='ocr_line' id='line_1_27' title="bbox 167 2149 1138 2223; baseline -0.001 -17"><span class='ocrx_word' id='word_1_216' title='bbox 167 2157 206 2206; x_wconf 82' lang='lat'>19.</span> <span class='ocrx_word' id='word_1_217' title='bbox 250 2151 328 2204; x_wconf 86' lang='lat' dir='ltr'>uibus</span> <span class='ocrx_word' id='word_1_218' title='bbox 346 2153 425 2205; x_wconf 89' lang='lat' dir='ltr'>rebus</span> <span class='ocrx_word' id='word_1_219' title='bbox 437 2153 555 2223; x_wconf 78' lang='lat' dir='ltr'>cognitis,</span> <span class='ocrx_word' id='word_1_220' title='bbox 568 2169 631 2206; x_wconf 92' lang='lat' dir='ltr'>cum</span> <span class='ocrx_word' id='word_1_221' title='bbox 644 2151 678 2206; x_wconf 90' lang='lat' dir='ltr'>ad</span> <span class='ocrx_word' id='word_1_222' title='bbox 691 2150 740 2204; x_wconf 90' lang='lat' dir='ltr'>has</span> <span class='ocrx_word' id='word_1_223' title='bbox 752 2152 918 2222; x_wconf 78' lang='lat' dir='ltr'>suspiciones</span> <span class='ocrx_word' id='word_1_224' title='bbox 935 2151 1055 2205; x_wconf 88' lang='lat' dir='ltr'>certissi-</span> <span class='ocrx_word' id='word_1_225' title='bbox 1136 2149 1138 2170; x_wconf 66' lang='lat'><em>³</em></span> 
     </span>
     <span class='ocr_line' id='line_1_28' title="bbox 128 2219 1138 2292; baseline 0 -16"><span class='ocrx_word' id='word_1_226' title='bbox 128 2239 191 2276; x_wconf 88' lang='lat' dir='ltr'>mae</span> <span class='ocrx_word' id='word_1_227' title='bbox 218 2237 260 2274; x_wconf 90' lang='lat' dir='ltr'>res</span> <span class='ocrx_word' id='word_1_228' title='bbox 284 2221 450 2290; x_wconf 88' lang='lat' dir='ltr'>accederent,</span> <span class='ocrx_word' id='word_1_229' title='bbox 471 2221 540 2291; x_wconf 91' lang='lat' dir='ltr'>quod</span> <span class='ocrx_word' id='word_1_230' title='bbox 564 2239 612 2292; x_wconf 91' lang='lat' dir='ltr'>per</span> <span class='ocrx_word' id='word_1_231' title='bbox 629 2221 696 2274; x_wconf 86' lang='lat' dir='ltr'>fines</span> <span class='ocrx_word' id='word_1_232' title='bbox 714 2221 897 2290; x_wconf 87' lang='lat' dir='ltr'>Sequanorum</span> <span class='ocrx_word' id='word_1_233' title='bbox 914 2221 1056 2276; x_wconf 87' lang='lat' dir='ltr'>Helvetios</span> <span class='ocrx_word' id='word_1_234' title='bbox 1137 2219 1138 2230; x_wconf 51' lang='lat'>¹</span> 
     </span>
     <span class='ocr_line' id='line_1_29' title="bbox 129 2290 1055 2360; baseline -0.002 -14"><span class='ocrx_word' id='word_1_235' title='bbox 129 2291 296 2360; x_wconf 80' lang='lat' dir='ltr'>traduxisset,</span> <span class='ocrx_word' id='word_1_236' title='bbox 309 2291 378 2360; x_wconf 88' lang='lat' dir='ltr'>quod</span> <span class='ocrx_word' id='word_1_237' title='bbox 397 2291 505 2344; x_wconf 90' lang='lat' dir='ltr'>obsides</span> <span class='ocrx_word' id='word_1_238' title='bbox 522 2292 589 2344; x_wconf 90' lang='lat' dir='ltr'>inter</span> <span class='ocrx_word' id='word_1_239' title='bbox 607 2309 653 2344; x_wconf 90' lang='lat' dir='ltr'>eos</span> <span class='ocrx_word' id='word_1_240' title='bbox 670 2290 772 2343; x_wconf 88' lang='lat' dir='ltr'>dandos</span> <span class='ocrx_word' id='word_1_241' title='bbox 789 2299 915 2360; x_wconf 81' lang='lat' dir='ltr'>curasset,</span> <span class='ocrx_word' id='word_1_242' title='bbox 929 2291 998 2358; x_wconf 90' lang='lat' dir='ltr'>quod</span> <span class='ocrx_word' id='word_1_243' title='bbox 1020 2309 1055 2344; x_wconf 85' lang='lat' dir='ltr'>ea</span> 
     </span>
    </p>
   </div>
   <div class='ocr_carea' id='block_1_3' title="bbox 128 2359 1139 2430">
    <p class='ocr_par' dir='ltr' id='par_1_4' title="bbox 128 2359 1139 2430">
     <span class='ocr_line' id='line_1_30' title="bbox 128 2359 1139 2430; baseline -0.002 -16"><span class='ocrx_word' id='word_1_244' title='bbox 128 2361 219 2414; x_wconf 89' lang='lat' dir='ltr'>omnia</span> <span class='ocrx_word' id='word_1_245' title='bbox 236 2377 287 2413; x_wconf 90' lang='lat' dir='ltr'>non</span> <span class='ocrx_word' id='word_1_246' title='bbox 306 2361 385 2414; x_wconf 91' lang='lat' dir='ltr'>modo</span> <span class='ocrx_word' id='word_1_247' title='bbox 404 2361 506 2430; x_wconf 81' lang='lat' dir='ltr'>injussu</span> <span class='ocrx_word' id='word_1_248' title='bbox 525 2378 573 2414; x_wconf 92' lang='lat' dir='ltr'>suo</span> <span class='ocrx_word' id='word_1_249' title='bbox 585 2370 612 2414; x_wconf 90' lang='lat' dir='ltr'>et</span> <span class='ocrx_word' id='word_1_250' title='bbox 624 2361 746 2429; x_wconf 85' lang='lat' dir='ltr'>civitatis,</span> <span class='ocrx_word' id='word_1_251' title='bbox 760 2359 808 2412; x_wconf 91' lang='lat' dir='ltr'>sed</span> <span class='ocrx_word' id='word_1_252' title='bbox 821 2361 902 2412; x_wconf 86' lang='lat' dir='ltr'>etiam</span> <span class='ocrx_word' id='word_1_253' title='bbox 916 2361 1053 2412; x_wconf 88' lang='lat' dir='ltr'>inscienti·</span> <span class='ocrx_word' id='word_1_254' title='bbox 1138 2426 1139 2430; x_wconf 11' lang='grc' dir='ltr'><strong>Ἰ</strong></span> 
     </span>
    </p>
   </div>
   <div class='ocr_carea' id='block_1_4' title="bbox 128 2430 1138 2640">
    <p class='ocr_par' dir='ltr' id='par_1_5' title="bbox 128 2430 1138 2640">
     <span class='ocr_line' id='line_1_31' title="bbox 128 2430 1052 2502; baseline -0.004 -16"><span class='ocrx_word' id='word_1_255' title='bbox 128 2431 180 2486; x_wconf 82' lang='lat' dir='ltr'>bus</span> <span class='ocrx_word' id='word_1_256' title='bbox 197 2431 263 2501; x_wconf 87' lang='lat' dir='ltr'>ipsis</span> <span class='ocrx_word' id='word_1_257' title='bbox 281 2431 396 2500; x_wconf 85' lang='lat' dir='ltr'>lecisset,</span> <span class='ocrx_word' id='word_1_258' title='bbox 410 2431 480 2499; x_wconf 91' lang='lat' dir='ltr'>quod</span> <span class='ocrx_word' id='word_1_259' title='bbox 499 2449 515 2483; x_wconf 85' lang='lat' dir='ltr'>a</span> <span class='ocrx_word' id='word_1_260' title='bbox 533 2431 687 2500; x_wconf 85' lang='lat' dir='ltr'>magistratu</span> <span class='ocrx_word' id='word_1_261' title='bbox 701 2430 854 2482; x_wconf 89' lang='lat' dir='ltr'>Aeduorum</span> <span class='ocrx_word' id='word_1_262' title='bbox 873 2438 1052 2502; x_wconf 80' lang='lat' dir='ltr'>accusaretur,</span> 
     </span>
     <span class='ocr_line' id='line_1_32' title="bbox 129 2499 1138 2570; baseline -0.003 -16"><span class='ocrx_word' id='word_1_263' title='bbox 129 2500 194 2554; x_wconf 84' lang='lat' dir='ltr'>satis</span> <span class='ocrx_word' id='word_1_264' title='bbox 211 2506 271 2554; x_wconf 82' lang='lat' dir='ltr'>esee</span> <span class='ocrx_word' id='word_1_265' title='bbox 284 2517 381 2553; x_wconf 86' lang='lat' dir='ltr'>causae</span> <span class='ocrx_word' id='word_1_266' title='bbox 399 2501 581 2570; x_wconf 80' lang='lat' dir='ltr'>arbitrabatur,</span> <span class='ocrx_word' id='word_1_267' title='bbox 595 2517 676 2569; x_wconf 90' lang='lat' dir='ltr'>quare</span> <span class='ocrx_word' id='word_1_268' title='bbox 689 2500 716 2551; x_wconf 89' lang='lat' dir='ltr'>in</span> <span class='ocrx_word' id='word_1_269' title='bbox 729 2516 790 2551; x_wconf 91' lang='lat' dir='ltr'>eum</span> <span class='ocrx_word' id='word_1_270' title='bbox 804 2509 849 2551; x_wconf 85' lang='lat' dir='ltr'>aut</span> <span class='ocrx_word' id='word_1_271' title='bbox 862 2499 919 2568; x_wconf 86' lang='lat' dir='ltr'>ipse</span> <span class='ocrx_word' id='word_1_272' title='bbox 931 2499 1054 2552; x_wconf 81' lang='lat' dir='ltr'>animati·</span> <span class='ocrx_word' id='word_1_273' title='bbox 1136 2533 1138 2558; x_wconf 51' lang='lat' dir='ltr'>l</span> 
     </span>
     <span class='ocr_line' id='line_1_33' title="bbox 128 2568 1138 2640; baseline -0.004 -14"><span class='ocrx_word' id='word_1_274' title='bbox 128 2579 252 2640; x_wconf 82' lang='lat' dir='ltr'>verteret,</span> <span class='ocrx_word' id='word_1_275' title='bbox 265 2579 311 2623; x_wconf 87' lang='lat' dir='ltr'>aut</span> <span class='ocrx_word' id='word_1_276' title='bbox 328 2571 466 2623; x_wconf 87' lang='lat' dir='ltr'>civitatem</span> <span class='ocrx_word' id='word_1_277' title='bbox 484 2571 695 2622; x_wconf 83' lang='lat' dir='ltr'>animadvertere</span> <span class='ocrx_word' id='word_1_278' title='bbox 712 2569 824 2638; x_wconf 84' lang='lat' dir='ltr'>juberet.</span> <span class='ocrx_word' id='word_1_279' title='bbox 861 2569 910 2621; x_wconf 89' lang='lat' dir='ltr'>His</span> <span class='ocrx_word' id='word_1_280' title='bbox 928 2568 1055 2622; x_wconf 87' lang='lat' dir='ltr'>omnibus</span> <span class='ocrx_word' id='word_1_281' title='bbox 1131 2619 1138 2632; x_wconf 78' lang='grc'>,</span> 
     </span>
    </p>
   </div>
   <div class='ocr_carea' id='block_1_5' title="bbox 129 2637 1139 2710">
    <p class='ocr_par' dir='ltr' id='par_1_6' title="bbox 129 2637 1139 2710">
     <span class='ocr_line' id='line_1_34' title="bbox 129 2637 1139 2710; baseline -0.004 -16"><span class='ocrx_word' id='word_1_282' title='bbox 129 2641 219 2694; x_wconf 72' lang='lat' dir='ltr'>tebus⁸</span> <span class='ocrx_word' id='word_1_283' title='bbox 231 2657 313 2694; x_wconf 91' lang='lat' dir='ltr'>unum</span> <span class='ocrx_word' id='word_1_284' title='bbox 332 2641 503 2710; x_wconf 81' lang='lat' dir='ltr'>repugnabat,</span> <span class='ocrx_word' id='word_1_285' title='bbox 522 2639 593 2710; x_wconf 88' lang='lat' dir='ltr'>quod</span> <span class='ocrx_word' id='word_1_286' title='bbox 611 2639 735 2692; x_wconf 89' lang='lat' dir='ltr'>Divitiaci</span> <span class='ocrx_word' id='word_1_287' title='bbox 753 2637 841 2690; x_wconf 80' lang='lat' dir='ltr'>fratris</span> <span class='ocrx_word' id='word_1_288' title='bbox 865 2655 1004 2691; x_wconf 87' lang='lat' dir='ltr'>summum</span> <span class='ocrx_word' id='word_1_289' title='bbox 1025 2639 1052 2691; x_wconf 88' lang='lat' dir='ltr'>in</span> <span class='ocrx_word' id='word_1_290' title='bbox 1138 2667 1139 2670; x_wconf 63' lang='lat'><em>=</em></span> 
     </span>
    </p>
   </div>
   <div class='ocr_carea' id='block_1_6' title="bbox 131 2761 169 2772">
    <p class='ocr_par' dir='ltr' id='par_1_7' title="bbox 131 2761 169 2772">
     <span class='ocr_line' id='line_1_35' title="bbox 131 2761 169 2772; baseline 0 -3"><span class='ocrx_word' id='word_1_291' title='bbox 131 2761 169 2772; x_wconf 77' lang='lat'>...-</span> 
     </span>
    </p>
   </div>
   <div class='ocr_carea' id='block_1_7' title="bbox 159 2819 703 2885">
    <p class='ocr_par' dir='ltr' id='par_1_8' title="bbox 159 2819 703 2885">
     <span class='ocr_line' id='line_1_36' title="bbox 159 2819 703 2885; baseline -0.006 -14"><span class='ocrx_word' id='word_1_292' title='bbox 159 2819 290 2885; x_wconf 78' lang='lat' dir='ltr'>²Lorgiter</span> <span class='ocrx_word' id='word_1_293' title='bbox 297 2839 375 2884; x_wconf 78' lang='lat' dir='ltr'>posse,</span> <span class='ocrx_word' id='word_1_294' title='bbox 388 2831 413 2868; x_wconf 91' lang='lat' dir='ltr'>to</span> <span class='ocrx_word' id='word_1_295' title='bbox 424 2821 485 2869; x_wconf 90' lang='lat' dir='ltr'>have</span> <span class='ocrx_word' id='word_1_296' title='bbox 496 2831 564 2882; x_wconf 84' lang='lat' dir='ltr'>great</span> <span class='ocrx_word' id='word_1_297' title='bbox 575 2821 703 2870; x_wconf 87' lang='lat' dir='ltr'>influence.</span> 
     </span>
    </p>
   </div>
   <div class='ocr_carea' id='block_1_8' title="bbox 158 2909 436 2971">
    <p class='ocr_par' dir='ltr' id='par_1_9' title="bbox 158 2909 436 2971">
     <span class='ocr_line' id='line_1_37' title="bbox 158 2909 436 2971; baseline -0.014 -11"><span class='ocrx_word' id='word_1_298' title='bbox 158 2909 295 2970; x_wconf 71' lang='lat' dir='ltr'>&#39;Namely,</span> <span class='ocrx_word' id='word_1_299' title='bbox 307 2911 436 2971; x_wconf 81' lang='lat' dir='ltr'>augendae.</span> 
     </span>
    </p>
   </div>
   <div class='ocr_carea' id='block_1_9' title="bbox 114 2979 1048 3115">
    <p class='ocr_par' dir='ltr' id='par_1_10' title="bbox 114 2979 1048 3115">
     <span class='ocr_line' id='line_1_38' title="bbox 114 2979 1048 3056; baseline 0.004 -15"><span class='ocrx_word' id='word_1_300' title='bbox 114 3037 118 3041; x_wconf 90' lang='lat'>.</span> <span class='ocrx_word' id='word_1_301' title='bbox 159 2999 169 3027; x_wconf 72' lang='lat'>³</span> <span class='ocrx_word' id='word_1_302' title='bbox 180 2996 342 3052; x_wconf 72' lang='lat' dir='ltr'>collocarem,</span> <span class='ocrx_word' id='word_1_303' title='bbox 354 2994 490 3056; x_wconf 86' lang='lat' dir='ltr'>commonly</span> <span class='ocrx_word' id='word_1_304' title='bbox 497 2994 558 3044; x_wconf 85' lang='lat' dir='ltr'>with</span> <span class='ocrx_word' id='word_1_305' title='bbox 569 2995 610 3044; x_wconf 88' lang='lat' dir='ltr'>the</span> <span class='ocrx_word' id='word_1_306' title='bbox 622 2995 772 3053; x_wconf 64' lang='lat' dir='ltr'>ablativone</span> <span class='ocrx_word' id='word_1_307' title='bbox 783 2997 873 3053; x_wconf 78' lang='lat' dir='ltr'>above3</span> <span class='ocrx_word' id='word_1_308' title='bbox 888 2996 932 3042; x_wconf 89' lang='lat' dir='ltr'>but</span> <span class='ocrx_word' id='word_1_309' title='bbox 940 2979 998 3043; x_wconf 82' lang='lat' dir='ltr'>here</span> <span class='ocrx_word' id='word_1_310' title='bbox 1010 2995 1048 3046; x_wconf 73' lang='lat' dir='ltr'>the</span> 
     </span>
     <span class='ocr_line' id='line_1_39' title="bbox 130 3053 984 3115; baseline -0.006 -10"><span class='ocrx_word' id='word_1_311' title='bbox 130 3069 211 3105; x_wconf 82' lang='lat' dir='ltr'>accus.</span> <span class='ocrx_word' id='word_1_312' title='bbox 223 3055 305 3104; x_wconf 84' lang='lat' dir='ltr'>shows</span> <span class='ocrx_word' id='word_1_313' title='bbox 317 3055 368 3103; x_wconf 91' lang='lat' dir='ltr'>that</span> <span class='ocrx_word' id='word_1_314' title='bbox 378 3057 488 3103; x_wconf 84' lang='lat' dir='ltr'>collocare</span> <span class='ocrx_word' id='word_1_315' title='bbox 498 3053 550 3103; x_wconf 87' lang='lat' dir='ltr'>also</span> <span class='ocrx_word' id='word_1_316' title='bbox 562 3055 656 3115; x_wconf 88' lang='lat' dir='ltr'>implies</span> <span class='ocrx_word' id='word_1_317' title='bbox 667 3055 708 3103; x_wconf 87' lang='lat' dir='ltr'>the</span> <span class='ocrx_word' id='word_1_318' title='bbox 720 3055 803 3103; x_wconf 91' lang='lat' dir='ltr'>notion</span> <span class='ocrx_word' id='word_1_319' title='bbox 813 3055 842 3102; x_wconf 88' lang='lat' dir='ltr'>cf</span> <span class='ocrx_word' id='word_1_320' title='bbox 851 3061 856 3081; x_wconf 88' lang='lat'><em>‘</em></span> <span class='ocrx_word' id='word_1_321' title='bbox 865 3054 984 3115; x_wconf 76' lang='lat' dir='ltr'>sending.¹</span> 
     </span>
    </p>
   </div>
   <div class='ocr_carea' id='block_1_10' title="bbox 159 3141 578 3201">
    <p class='ocr_par' dir='ltr' id='par_1_11' title="bbox 159 3141 578 3201">
     <span class='ocr_line' id='line_1_40' title="bbox 159 3141 578 3201; baseline 0 -11"><span class='ocrx_word' id='word_1_322' title='bbox 159 3142 169 3172; x_wconf 85' lang='lat'><strong>⁴</strong></span> <span class='ocrx_word' id='word_1_323' title='bbox 180 3141 232 3190; x_wconf 92' lang='lat' dir='ltr'>‘On</span> <span class='ocrx_word' id='word_1_324' title='bbox 241 3141 279 3190; x_wconf 88' lang='lat' dir='ltr'>his</span> <span class='ocrx_word' id='word_1_325' title='bbox 290 3157 346 3189; x_wconf 85' lang='lat' dir='ltr'>own</span> <span class='ocrx_word' id='word_1_326' title='bbox 356 3141 448 3201; x_wconf 87' lang='lat' dir='ltr'>private</span> <span class='ocrx_word' id='word_1_327' title='bbox 460 3142 578 3192; x_wconf 66' lang='lat' dir='ltr'>account!</span> 
     </span>
    </p>
   </div>
   <div class='ocr_carea' id='block_1_11' title="bbox 132 3204 1139 3348">
    <p class='ocr_par' dir='ltr' id='par_1_12' title="bbox 132 3204 1139 3348">
     <span class='ocr_line' id='line_1_41' title="bbox 160 3204 1139 3295; baseline 0.004 -20"><span class='ocrx_word' id='word_1_328' title='bbox 160 3227 250 3288; x_wconf 69' lang='lat' dir='ltr'>*Fuga</span> <span class='ocrx_word' id='word_1_329' title='bbox 260 3227 281 3295; x_wconf 82' lang='lat' dir='ltr'>is</span> <span class='ocrx_word' id='word_1_330' title='bbox 292 3227 349 3276; x_wconf 88' lang='lat' dir='ltr'>here</span> <span class='ocrx_word' id='word_1_331' title='bbox 360 3227 421 3295; x_wconf 81' lang='lat' dir='ltr'>used</span> <span class='ocrx_word' id='word_1_332' title='bbox 431 3227 467 3276; x_wconf 84' lang='lat' dir='ltr'>for</span> <span class='ocrx_word' id='word_1_333' title='bbox 475 3231 598 3290; x_wconf 78' lang='lat' dir='ltr'>proelium,</span> <span class='ocrx_word' id='word_1_334' title='bbox 612 3229 652 3278; x_wconf 91' lang='lat' dir='ltr'>the</span> <span class='ocrx_word' id='word_1_335' title='bbox 663 3228 729 3278; x_wconf 88' lang='lat' dir='ltr'>main</span> <span class='ocrx_word' id='word_1_336' title='bbox 740 3229 806 3288; x_wconf 88' lang='lat' dir='ltr'>point</span> <span class='ocrx_word' id='word_1_337' title='bbox 817 3229 846 3277; x_wconf 85' lang='lat' dir='ltr'>ol</span> <span class='ocrx_word' id='word_1_338' title='bbox 853 3230 894 3277; x_wconf 90' lang='lat' dir='ltr'>the</span> <span class='ocrx_word' id='word_1_339' title='bbox 905 3227 982 3276; x_wconf 86' lang='lat' dir='ltr'>battle</span> <span class='ocrx_word' id='word_1_340' title='bbox 994 3204 1053 3279; x_wconf 82' lang='lat' dir='ltr'>here</span> <span class='ocrx_word' id='word_1_341' title='bbox 1133 3223 1139 3238; x_wconf 60' lang='lat'><strong>¹</strong></span> 
     </span>
     <span class='ocr_line' id='line_1_42' title="bbox 132 3285 574 3348; baseline 0 -12"><span class='ocrx_word' id='word_1_342' title='bbox 132 3287 199 3336; x_wconf 88' lang='lat' dir='ltr'>tube</span> <span class='ocrx_word' id='word_1_343' title='bbox 210 3285 351 3334; x_wconf 83' lang='lat' dir='ltr'>considered</span> <span class='ocrx_word' id='word_1_344' title='bbox 361 3289 434 3347; x_wconf 83' lang='lat' dir='ltr'>being</span> <span class='ocrx_word' id='word_1_345' title='bbox 445 3287 486 3334; x_wconf 90' lang='lat' dir='ltr'>the</span> <span class='ocrx_word' id='word_1_346' title='bbox 497 3287 574 3348; x_wconf 79' lang='lat' dir='ltr'>ssight.</span> 
     </span>
    </p>
   </div>
   <div class='ocr_carea' id='block_1_12' title="bbox 161 3369 1054 3430">
    <p class='ocr_par' dir='ltr' id='par_1_13' title="bbox 161 3369 1054 3430">
     <span class='ocr_line' id='line_1_43' title="bbox 161 3369 1054 3430; baseline 0.008 -13"><span class='ocrx_word' id='word_1_347' title='bbox 161 3369 302 3430; x_wconf 59' lang='lat' dir='ltr'>‘Namelp</span> <span class='ocrx_word' id='word_1_348' title='bbox 315 3371 395 3420; x_wconf 86' lang='lat' dir='ltr'>which</span> <span class='ocrx_word' id='word_1_349' title='bbox 412 3372 452 3421; x_wconf 91' lang='lat' dir='ltr'>led</span> <span class='ocrx_word' id='word_1_350' title='bbox 468 3382 493 3421; x_wconf 94' lang='lat' dir='ltr'>to</span> <span class='ocrx_word' id='word_1_351' title='bbox 510 3373 551 3422; x_wconf 87' lang='lat' dir='ltr'>the</span> <span class='ocrx_word' id='word_1_352' title='bbox 567 3372 707 3422; x_wconf 81' lang='lat' dir='ltr'>conclusion</span> <span class='ocrx_word' id='word_1_353' title='bbox 721 3372 774 3422; x_wconf 87' lang='lat' dir='ltr'>that</span> <span class='ocrx_word' id='word_1_354' title='bbox 789 3371 923 3422; x_wconf 80' lang='lat' dir='ltr'>Dumnorix</span> <span class='ocrx_word' id='word_1_355' title='bbox 938 3381 1006 3423; x_wconf 84' lang='lat' dir='ltr'>must</span> <span class='ocrx_word' id='word_1_356' title='bbox 1022 3375 1054 3424; x_wconf 89' lang='lat' dir='ltr'>be</span> 
     </span>
    </p>
   </div>
   <div class='ocr_carea' id='block_1_13' title="bbox 0 0 1156 3792">
    <p class='ocr_par' dir='ltr' id='par_1_14' title="bbox 0 0 1156 3792">
     <span class='ocr_line' id='line_1_44' title="bbox 0 0 1156 3792; baseline 0 1"><span class='ocrx_word' id='word_1_357' title='bbox 0 0 1156 3792; x_wconf 95' lang='lat' dir='ltr'> </span> 
     </span>
    </p>
   </div>
  </div>
 </body>
</html>
