2272 3786
142 271 202 334 148
442 285 483 328 nii
503 283 601 326 asmo
621 285 756 328 simion.

139 397 269 452 Carnutes
285 394 389 466 legatos
404 393 566 462 obsidesque
584 393 708 460 mittunt,¹
718 393 760 447 usi
777 392 995 464 deprecatoribus
1012 394 1062 450 Re·

139 465 199 544 mis,
212 481 325 535 quoium
337 470 412 517 erent
424 463 452 516 iii
463 461 604 515 clientela:
624 462 722 516 eadem
733 461 822 516 ierunt
840 479 976 533 responsa.
1013 463 1062 518 Pe·

139 542 207 602 nigit
217 533 358 587 oonoilium
371 533 470 585 casem
481 531 639 600 equitesque
650 532 763 600 imperat
774 531 936 588 oiritatibus.

173 606 200 653 b.
218 601 278 656 Hae
295 609 369 671 parte
389 599 494 653 Galliae
512 607 615 680 paoatu¹
629 608 700 654 totus
719 606 747 652 et
766 607 858 653 mente
877 609 905 652 ot
925 600 1025 652 animo¹
1036 600 1063 654 in

138 667 243 725 bellum
260 670 430 724 Trevirorum
449 677 476 722 et
495 667 657 736 Ambiorigis
676 667 780 723 insistit.
816 668 1063 722 Cavarinum¹eum

139 738 259 808 equitatu
271 739 404 793 Senonum
417 753 510 791 seeum
522 734 652 805 piofioisoi
663 735 791 807 jurisque
802 737 863 806 quis
874 745 922 790 eut
934 754 970 790 ex
982 736 1063 806 hujus
1124 799 1125 804 η

138 806 277 860 iiaoiindia
299 813 346 859 aut
370 821 405 858 ex
427 821 467 873 eo,
488 805 560 875 quod
583 814 724 874 meruerat,
749 804 809 858 odio
833 805 950 858 civitatis
973 813 1063 858 motus

139 874 258 929 exsistat.
293 875 344 928 llis
355 872 436 927 rebus
447 873 602 942 constitutis,
616 873 686 942 quod
706 889 753 943 pio
772 873 906 943 explorato
926 871 1066 943 habebai‚⁸

138 943 321 1012 Ambiorigem
334 941 432 1022 proelio
443 958 496 994 non
508 958 568 996 esse
581 949 802 1022 oonoeitiitummz
815 942 917 1010 reliqua
929 941 991 1012 ejus
1002 959 1062 996 uon-

139 1011 199 1064 silie
216 1013 306 1066 animo
317 1010 556 1080 oimumspioiebst.
593 1011 675 1064 Erant
692 1009 813 1080 Menapii
832 1011 973 1081 propinqui
993 1011 1063 1064 Ebu·

138 1095 234 1134 ronum
252 1080 357 1150 finibus,
370 1078 506 1148 perpetuis
525 1077 667 1148 paludibus
687 1077 815 1148 silvisque
834 1079 937 1148 muniti,
951 1081 1000 1158 qui
1019 1078 1063 1132 uni

140 1164 175 1202 ex
186 1148 273 1201 Gallia
291 1147 326 1201 de
347 1164 413 1218 paoe
424 1146 460 1200 ad
473 1144 617 1202 Caesarem
635 1146 737 1215 legatos
755 1164 904 1216 numquam
923 1155 1062 1200 miserant.

139 1217 208 1270 Cum
221 1217 253 1272 iis
265 1233 325 1270 esse
337 1215 481 1296 hospitium
494 1213 641 1284 Ambiorigi
660 1214 761 1268 sciebat
770 1231 779 1280 :p
795 1215 862 1268 item
879 1232 928 1284 pei
939 1215 1064 1269 Treviros

139 1285 248 1340 venisse
266 1285 408 1338 Germanis
425 1302 451 1337 ni
468 1283 614 1336 amioitiam
634 1291 802 1350 cognoverat.
839 1285 913 1336 Haeo
931 1285 1009 1353 prius
1027 1284 1063 1338 illi
1124 1327 1125 1334 ,

139 1352 305 1407 detrahenda
316 1353 417 1407 auxilia
429 1352 605 1420 existimabat,
639 1368 700 1404 uam
712 1351 800 1421 ipsum
817 1351 889 1404 bello
901 1351 1048 1408 lacesseret
1055 1369 1063 1422 3
1124 1351 1125 1404 ἰ

138 1437 177 1476 ne
196 1421 336 1492 desperata
359 1421 445 1474 salute
464 1427 511 1472 aut
531 1421 608 1474 se-in
660 1421 769 1488 enapios
789 1419 907 1489 abderet,
930 1429 978 1474 aut
1001 1438 1063 1475 oum
1124 1423 1125 1426 ’

139 1489 337 1544 transrhenanis
357 1488 491 1558 congiedi⁴
568 1495 647 1542 retur.
683 1488 740 1541 Hoo
761 1488 827 1541 inito
844 1489 962 1558 oonsilio,
984 1491 1063 1544 tutius

141 1560 276 1614 exereitus
288 1558 481 1629 impedimenta
490 1556 526 1609 ad
577 1555 862 1610 bienum.inTreviios
879 1557 970 1636 mittit²
985 1556 1061 1611 duas·
1124 1569 1125 1590 ³

139 1641 194 1698 quo
213 1625 332 1706 legiones
351 1626 385 1678 ad
407 1643 471 1705 eum
491 1625 623 1706 profluisoi
642 1623 810 1705 jubetzlipse
830 1641 894 1704 oiim
911 1625 1063 1694 legionibus

140 1695 273 1764 expeditis
284 1711 402 1775 quinque
414 1711 440 1746 iri
453 1694 595 1773 Menapios
612 1693 795 1772 proficiscitur.
819 1693 869 1764 Illi,
883 1693 958 1747 nulla
971 1702 1062 1748 ooaota

139 1777 233 1838 manu,
254 1762 306 1815 looi
328 1761 459 1832 praesidio
479 1761 556 1834 freti,
570 1779 597 1816 iu
617 1761 699 1815 silvas
720 1761 886 1832 paludesque
907 1759 1061 1832 oonsugiunt
1124 1819 1125 1824 ,

141 1845 245 1900 sitaque
257 1829 354 1884 eodem
366 1829 513 1884 oonserunt.

176 1903 202 1950 6.
220 1899 327 1974 Caesar*
335 1897 443 2018 punitis
455 1898 538 1968 oopiis
556 1914 618 1952 oum
631 1898 660 1952 C.
674 1897 757 1952 Fabio
775 1897 862 1966 legato
875 1906 902 1951 et
914 1899 954 1953 M.
969 1898 1061 1952 Crasso

139 1973 289 2086 guaestore,
302 1983 334 2018 oo
345 1973 478 2046 eriteique
496 1966 602 2020 effeotis
618 1967 750 2047 pontibus,
763 1966 828 2020 adit⁸
840 1967 977 2046 tripartito,
991 1967 1061 2020 aedi·
1124 1985 1125 2040 j

161 2049 203 2085 oia
221 2049 347 2112 riuosque
367 2034 494 2105 inoendit,
516 2051 611 2103 magno
631 2052 736 2105 peooiis
754 2043 835 2104 atque
855 2035 996 2090 bominum
1015 2053 1061 2089 nu·
1124 2065 1125 2070 =

139 2115 215 2154 mero
227 2099 332 2170 potitur.
368 2102 472 2160 Quibus
483 2103 563 2156 iebus
574 2103 659 2156 ooaoti
677 2103 744 2156 Men
781 2105 807 2173 ii,
821 2104 923 2172 legatos
940 2104 975 2156 ad
996 2119 1057 2158 aum

139 2169 217 2248 pacis
233 2169 367 2250 petenflae
386 2187 468 2223 caiisa
480 2172 596 2225 mittunt.
633 2169 689 2241 Ille,
702 2172 759 2251 obsi
781 2172 841 2225 ibus
858 2173 988 2251 acceptis,
1001 2171 1061 2226 hos·

140 2243 209 2290 uum
222 2253 251 2290 se
263 2237 416 2292 habiturum
429 2256 540 2294 numero
552 2239 698 2309 confirmet,
711 2258 733 2292 si
750 2249 796 2294 aut
809 2240 1002 2310 Ambiorigem,
1014 2249 1062 2294 aut

140 2304 316 2427 Qlegsslffi
333 2307 432 2361 finibus
448 2309 504 2362 suis
516 2309 688 2386 recepissent.
724 2307 772 2362 His
783 2309 961 2389 oo'iifirrnatis'
973 2309 1060 2389 rebus,

208 2391 292 2432 mium
306 2376 462 2431 Atrebatem
474 2393 538 2430 cum
549 2384 669 2446 equitatu
686 2376 805 2430 custodis
815 2377 873 2456 looo
885 2395 914 2432 iu
925 2378 1062 2449 Menapiis

140 2441 206 2496 ialin
227 2444 264 2496 uit
272 2460 280 2512 3
298 2445 306 2496 i
326 2462 355 2497 se
367 2446 395 2500 in
407 2445 529 2498 Treviros
541 2444 720 2514 proficiscitur.

175 2459 290 2566 uirum
307 2462 378 2568 bueo
398 2530 414 2566 a
433 2513 699 2592 Caesareugeiuntui,
713 2512 822 2580 Treviri,
837 2514 941 2582 magnis
960 2515 1061 2568 ooaotis

138 2579 274 2648 peditatus
293 2582 481 2704 equitatusque
505 2598 596 2651 oopus,
615 2581 765 2635 Labienum
789 2598 852 2636 oiim
871 2599 925 2636 una
943 2581 1059 2660 legione,
1124 2601 1125 2640 3

423 2668 430 2702 i

138 2661 209 2716 quae
228 2649 255 2702 iii
274 2666 365 2704 eorum
385 2650 421 2704 fin

166 2830 233 2880 ¹See
244 2831 277 2880 iii.
289 2835 326 2889 19,
340 2835 421 2882 not03

166 2903 177 2933 ¹
185 2903 233 2952 See
243 2919 267 2952 v.
276 2907 315 2953 54.

166 2975 234 3023 ’Pro
245 2978 363 3037 explorato
372 2978 466 3037 aliquid
479 2979 567 3035 lubere,
583 2983 622 3029 ‘to
632 2979 725 3029 believe
736 2995 751 3029 tt
760 2979 831 3042 thing
840 2989 866 3030 to
876 2982 908 3030 be
919 2981 1030 3031 certain!

165 3061 305 3128 ‘congredi
314 3062 373 3130 gloss
389 3073 431 3111 not
442 3063 499 3113 bere
510 3065 600 3126 siguify
612 3071 651 3116 ‘to
661 3066 741 3129 fight‚’
754 3069 798 3117 but
811 3073 850 3118 ‘to
858 3067 931 3128 jein:
943 3083 973 3120 or
985 3067 1061 3120 ‘form

137 3131 169 3164 an
178 3118 279 3167 allienoe
290 3119 368 3168 with!

166 3188 279 3250 'Suioli
290 3191 425 3253 Messapus.
480 3219 493 3235 r*

165 3261 350 3325 ‘cmfimatiu
367 3265 420 3314 rhei
430 3279 460 3323 is,
472 3269 616 3316 mussa.

451 2667 484 2704 us
502 2649 647 2720 hiemabat,
667 2648 762 2703 adoriri
782 2649 926 2720 parabant:
950 2668 1061 2722 Jamque
1124 2729 1125 2732 Ἴ
